1663 2958
247 191 327 242 60
432 185 505 243 C.
551 183 993 241 CORNELII
1044 185 1343 245 TACITI

250 284 531 366 cepimus:
557 303 688 338 mox
709 279 943 364 segnitia
969 307 1100 342 cum
1123 285 1242 342 otio
1264 283 1527 358 intravi·t;
1594 335 1601 339 .
1660 302 1663 328 ³

250 365 447 427 amissa
475 364 678 424 virtute
704 388 909 447 pariter
932 391 992 425 ac
1026 368 1323 427 libertate-z
1366 368 1524 449 quod.

249 450 650 509 Britannorum
695 448 836 507 olim
875 451 1030 510 vietis
1078 453 1265 510 evenit
1299 476 1311 509 :
1352 451 1524 511 ceteri

249 553 484 593 manent
507 580 523 604 ,
559 531 749 613 quales
775 533 926 592 Galli
953 533 1196 594 fuerunt.

340 619 475 676 XII.
502 620 564 674 IN
593 620 803 674 Pi-:mn
829 618 997 677 robur
1020 642 1032 674 z
1069 616 1325 698 quaedam
1348 617 1530 676 natio*

249 723 347 761 nes
367 709 422 761 δέ
442 723 602 759 curru
623 700 948 782 proeliantur
969 727 980 759 z
1008 701 1286 759 honestior
1306 702 1496 783 auriga
1506 719 1530 773 ‚'

249 786 482 845 clientes
513 807 900 867 propugnant:
941 785 1082 843 olim
1117 784 1338 866 regibus
1370 807 1529 866 pare-

249 870 385 928 bant
414 916 430 940 ,
474 892 619 926 nunc
655 891 751 950 per
790 869 1064 952 principes
1101 866 1436 926 faotionibus
1467 876 1527 928 δί

249 953 438 1012 studiis
464 953 785 1011 trahuntur:
812 975 914 1011 nec
941 952 1092 1010 aliud
1113 952 1371 1011 adversus
1394 951 1532 1030 vali-

251 1036 492 1096 diffimas
524 1056 718 1117 gentes
753 1059 853 1118 pro
881 1036 1043 1093 nobis
1082 1035 1272 1094 utilius
1297 1085 1313 1108 ,
1354 1035 1530 1116 quam

250 1120 405 1201 quod
429 1121 488 1177 in
518 1142 824 1178 commune
853 1143 968 1178 non
1000 1118 1309 1178 consulunt.
1350 1122 1531 1180 Rarus

252 1205 466 1263 duabus
509 1200 750 1261 tribusve
796 1203 1149 1275 civitatibUS,
1200 1203 1270 1261 ad
1300 1202 1533 1285 propul-

249 1287 488 1346 sandum
518 1310 823 1346 commune
854 1286 1163 1368 periculum
1191 1308 1530 1347 conventus:

249 1372 328 1430 ita
359 1419 374 1444 ‚
415 1372 554 1429 dum
585 1369 784 1452 singuli
812 1391 1064 1452 pugnant
1088 1418 1104 1442 ‚
1140 1369 1376 1430 univerfi
1402 1372 1530 1431 vin-

253 1477 471 1514 cuntur.
521 1454 741 1512 Caelum
783 1455 986 1512 crebris
1022 1454 1296 1513 imbribus
1332 1479 1393 1513 ac
1429 1478 1533 1515 ne-

253 1539 397 1598 bulis
444 1536 706 1595 foedum:
752 1536 1008 1619 asperitas
1049 1536 1325 1619 frigorum
1366 1538 1532 1599 abest.

252 1624 500 1681 Dierum
536 1619 706 1703 spatia
736 1620 880 1678 ultra
914 1622 1080 1678 nostri
1119 1622 1267 1679 orbis
1307 1621 1533 1681 mensu-

255 1729 416 1764 ram:
460 1728 572 1763 nox
615 1704 798 1777 clara,
846 1714 901 1764 &
950 1703 1198 1764 extrema
1232 1705 1533 1765 Britanniae

252 1810 407 1873 parte
429 1789 609 1846 brevis
629 1835 644 1858 ,
667 1809 729 1845 ut
754 1789 928 1847 finem
954 1809 1120 1868 atque
1142 1788 1368 1847 initium
1393 1789 1531 1849 lucis

256 1874 458 1954 exiguo
498 1870 818 1930 discrimine
857 1870 1212 1931 internoscaS.
1247 1874 1465 1948 “Quod
1492 1873 1531 1933 fi

255 1957 476 2013 aonubes
504 1978 618 2012 non
648 1952 896 2014 officiant
919 2003 935 2027 ,
973 1953 1139 2037 aspici
1166 1978 1268 2037 per
1299 1961 1532 2018 noetem

254 2039 441 2098 mSolis
472 2036 755 2119 fulgorem
785 2088 800 2111 ‚
844 2062 946 2097 nec
976 2039 1234 2098 occidere
1266 2048 1322 2099 δέ
1347 2039 1532 2100 exsur-

254 2146 430 2205 22gere
459 2169 475 2194 ,
517 2121 611 2181 sed
643 2122 865 2181 transire
882 2152 921 2175 2>
939 2122 1238 2181 adfirmant
1270 2148 1282 2181 ι
1320 2122 1532 2185 scilice-t

255 2214 573 2266 extrema&
588 2206 751 2289 plana
771 2228 1062 2277 terrarum,
1085 2206 1287 2264 humili
1309 2208 1528 2282 umth

256 2315 371 2350 non
394 2290 614 2371 erigunt
639 2290 893 2349 tenebras
917 2338 932 2361 ,
971 2287 1225 2370 infraque
1251 2290 1445 2349 caelum
1471 2301 1530 2352 δε

258 2374 431 2432 fidera
472 2397 581 2431 nox
621 2373 785 2432 cadit.
841 2374 1072 2443 Solum,
1111 2394 1302 2452 praeter
1338 2375 1528 2435 oleam

256 2459 545 2536 vitemque
576 2504 591 2528 ‚
635 2466 692 2517 δε
736 2478 918 2515 cetera
965 2455 1322 2514 calidioribus
1369 2460 1528 2518 terris

257 2542 389 2598 oriri
412 2539 563 2598 sueta
587 2587 602 2611 ‚
639 2542 851 2623 patiens
886 2539 1113 2622 frugum
1131 2588 1146 2611 ,
1180 2537 1488 2613 fecundum
1510 2566 1528 2599 ι

257 2624 409 2689 tarde
429 2621 725 2688 mitescunt
740 2672 758 2699 ,
781 2625 894 2686 cito
910 2624 1245 2710 proveniunt
1267 2648 1279 2684 ;
1301 2623 1531 2687 eade-m·-
