1663 2958
232 163 790 221 GERMANORUM
839 158 1076 217 Nom.
1197 175 1312 214 201

34 287 42 298 ν
103 257 290 310 'Avium
346 257 459 305 Inde
501 258 549 303 in
588 255 805 303 Concilio
843 253 1110 319 Leptinenfi
1137 292 1152 314 ‚
1193 270 1318 304 nunc

43 320 250 390 Lestines
272 361 286 384 ‚
316 340 440 371 anno
465 320 509 372 J.
534 320 592 367 C.
612 336 700 380 743
724 356 736 376 ‚
763 319 987 368 celebrato
1007 359 1019 381 ,
1045 324 1092 369 in
1111 319 1317 368 indiculo

2 420 3 423 =
38 388 405 455 superstitionum
427 423 440 445 ,
474 402 575 450 quae
605 383 907 448 prohibentur
926 424 940 446 ,
975 388 1124 452 agitur
1150 385 1203 435 de
1228 403 1317 434 au·

0 491 4 520 ‚
34 455 187 522 gut-iis
219 452 290 502 vel
326 451 478 500 avium
499 487 512 509 ‚
550 451 623 497 vel
658 465 864 512 equorum
889 489 902 512 ‚
939 452 1011 500 vel
1048 451 1175 500 houm
1195 450 1320 516 ster-

39 519 250 576 coribus,
287 516 359 566 vel
384 513 734 578 sternutatione.
792 513 1034 565 Hartzeim
1058 554 1072 578 ,
1107 515 1318 566 Conciliat

0 600 3 621 ἓ
39 582 300 636 Germanice
322 620 338 641 ,
366 578 511 629 Tom.
542 580 589 638 Ι,
620 596 732 644 pag.
755 594 830 638 5¹·

103 648 344 709 Proprium
370 646 543 712 gentis.
565 641 812 709 Proprium
839 663 1026 713 quoque
1047 642 1284 695 Persarum
1302 659 1319 708 ,“

1 746 3 751 2
39 717 150 783 qui,
176 716 281 762 teste
303 711 551 762 Herodoto
566 710 634 758 III
652 749 665 771 ,
686 728 814 760 num.
833 715 888 771 85
917 719 958 758 &
983 717 1041 759 86
1058 751 1069 771 ‚
1092 713 1287 760 Darium
1303 750 1318 773 ,

27 782 216 830 'hinnitu
248 781 354 845 equi
385 794 542 844 regem
574 775 851 830 declaratum
883 777 1146 826 salutarunt.
1201 778 1316 825 Me·-

40 862 188 896 morat
223 862 410 911 quoque
446 844 547 890 libr.
581 841 640 903 I,
687 861 814 889 num.
856 847 942 897 189
969 883 984 904 ‚
1018 846 1066 890 in
1114 847 1314 892 exercitu

40 912 154 980 Cyri
180 928 323 978 equos
346 908 492 957 sacros
513 914 557 955 &
578 907 813 956 candidos.
849 906 1079 975 Fugatum
1104 907 1313 956 Xerxem

40 977 273 1027 anteibant
295 978 401 1043 equi
422 973 533 1023 sacri
551 980 595 1021 δε
615 972 736 1022 sacer
756 990 907 1022 currus
928 1013 940 1034 ,
983 976 1107 1024 ἵπποι
1142 977 1174 1022 οἱ
1209 973 1280 1038 ἱροὶ
1300 1012 1317 1036 ,

39 1044 112 1106 3(μᾷ
147 1044 193 1093 τὶ)
230 1043 347 1108 ἅρμα
382 1042 429 1091 τὶ)
466 1041 542 1105 ἱρέν
569 1077 584 1099 ,
627 1039 860 1088 Herodot.
900 1040 994 1090 VII
1018 1078 1031 1100 ‚
1071 1057 1198 1087 num·
1239 1054 1317 1098 55.

37 1107 237 1160 Causam
265 1108 500 1173 religionis
533 1106 667 1153 docet
692 1104 891 1158 justinus
918 1106 937 1152 I
960 1144 972 1166 ,
1009 1123 1081 1153 10.
1112 1103 1241 1152 Nam
1264 1103 1316 1152 Cr

23 1175 170 1242 solem
204 1173 352 1238 Persae
390 1188 525 1220 unum
556 1171 683 1220 deum
723 1171 801 1237 effe
838 1170 1028 1221 credunt
1050 1209 1065 1232 ,
1108 1168 1156 1218 ἓν
1183 1186 1319 1235 equos

37 1240 184 1292 eidem
188 1239 400 1304 sacratos
409 1237 588 1300 ferunt.
618 1234 940 1302 Rugianorum
962 1253 1148 1304 quoque
1167 1233 1320 1283 sacer·-

41 1307 123 1355 dos
146 1304 346 1370 auspicia
370 1321 425 1351 ex
452 1320 575 1370 equo
603 1302 799 1350 candido
827 1301 1060 1362 sumebat,
1091 1317 1139 1349 ut
1163 1302 1317 1352 videre

41 1373 106 1422 est
136 1370 258 1435 apud
285 1371 522 1418 Saxonem
557 1366 924 1416 Grammaticum
948 1407 960 1427 ,
992 1369 1088 1415 loc.
1111 1368 1186 1414 cit.

105 1436 268 1499 Iisdem
297 1433 567 1483 nemoribus.
607 1434 756 1482 Sacris
778 1434 1040 1482 nemoribus
1065 1449 1118 1481 ac
1139 1433 1269 1480 lucis.

107 1500 422 1552 Commirrunt.
477 1498 590 1547 Inde
626 1498 870 1565 singularia
910 1502 1159 1548 certamina
1189 1537 1202 1560 ‚
1250 1496 1319 1545 les

39 1567 198 1630 'dueZS‚
233 1566 415 1615 ferociae
437 1583 490 1613 ac
520 1563 843 1628 superstitionis
875 1580 1174 1613 monumenta
1193 1603 1204 1623 ,
1242 1563 1320 1610 diu

36 1649 198 1685 “tamen
231 1649 467 1698 tamquam
486 1631 579 1678 Dei
604 1630 823 1692 judicium
851 1631 1019 1681 habita.
1067 1629 1175 1691 Qua
1197 1629 1252 1676 de
1271 1645 1322 1675 re

43 1704 190 1750 multa
229 1698 364 1746 habet
406 1696 482 1745 Cl.
528 1695 584 1742 de
623 1695 949 1764 Montesquieu
980 1736 994 1759 ,
1041 1694 1195 1761 Effirir
1238 1692 1325 1748 des.

38 1765 196 1828 Loix,
230 1762 451 1815 XXVIII
481 1800 494 1822 ,
536 1779 610 1818 17.

102 1893 228 1945 CAP.
259 1893 347 1942 XI.
377 1891 732 1942 Pertraffentur.
761 1892 995 1960 Infignern
1014 1892 1139 1941 hunc
1160 1892 1318 1940 locum

44 1967 89 2010 &
110 1963 158 2010 in
183 1977 280 2009 arte
302 1961 489 2025 politica
509 1959 735 2007 summum
760 1962 919 2008 tradtat
941 1959 1087 2008 Cl.de
1109 1953 1324 2006 Montes-

0 2058 3 2064 =
43 2029 182 2095 quieu
202 2064 215 2087 ,
246 2025 396 2090 Esprit
426 2025 504 2074 des
527 2025 646 2075 Loix
664 2065 679 2088 ,
701 2024 774 2076 VI
791 2064 804 2086 ‚
839 2043 915 2076 11.
953 2025 1073 2073 Tale
1103 2025 1320 2073 libertatis

44 2099 91 2141 &
138 2094 415 2141 auctoritatis
469 2108 882 2157 temperamentum
931 2090 1222 2140 Germanicis
1270 2091 1321 2137 in

39 2158 160 2207 'filvis
197 2157 323 2206 fuiffe
361 2174 593 2220 repertum
629 2160 819 2204 miratur
848 2175 862 2218 3
915 2163 960 2204 &
994 2157 1178 2222 Anglos
1214 2154 1325 2202 inde

47 2222 232 2273 haufiffe
251 2224 487 2288 politicam
506 2225 689 2288 imperii
711 2221 775 2269 sui
795 2221 991 2269 formam
1017 2221 1165 2269 docet.
1189 2221 1324 2267 Illam

47 2307 77 2338 a
114 2289 281 2337 Tacito
327 2288 579 2354 expressam
621 2288 945 2354 laudatamque
990 2289 1084 2350 jam
1130 2286 1324 2335 vidimus

46 2354 177 2422 supra
202 2356 375 2403 Annal.
398 2355 485 2414 IV,
518 2373 596 2419 33.

116 2419 357 2469 Ine-homar
386 2419 535 2470 Luna.
592 2421 669 2468 De
707 2419 828 2469 nova
866 2419 973 2468 luna
1013 2419 1115 2467 vide
1148 2417 1323 2470 Julium

51 2485 278 2536 Caesarem
296 2486 409 2534 Bell.
428 2485 554 2534 Gall.
574 2487 619 2545 I,
641 2502 700 2546 50
717 2526 728 2547 ‚
752 2486 985 2534 laudatum
1008 2484 1139 2550 supra
1159 2502 1261 2549 cap.
1280 2488 1325 2532 8.

119 2550 339 2600 Credunt.
360 2551 493 2599 Adeo
517 2554 704 2618 antiqua
727 2558 771 2598 ὃ(
793 2552 915 2616 apud
937 2569 1098 2600 omnes
1120 2551 1321 2615 populos

56 2618 326 2687 pervulgata
347 2619 517 2670 lunaris
540 2619 768 2708 potestatis
787 2617 911 2671 fama
927 2657 941 2684 ,
973 2635 1073 2734 qu?
1093 2634 1152 2665 ne
1169 2634 1220 2665 m
1241 2614 1328 2668 hae

1092 2702 1119 2734 v
