1663 2958
195 204 278 242 DE
338 176 833 240 ORATonrssus
890 168 1130 238 No‘rAE.
1225 181 1336 256 381

382 286 545 340 Longas
561 282 711 338 emugit
727 281 887 325 buccina
904 296 1017 324 voces
1034 311 1046 328 ,

180 356 439 410 carmineque
459 356 613 409 irriguo
633 355 769 409 magni
789 356 940 396 cortina
963 355 1105 397 theatri
1123 373 1138 397 .-

182 419 405 483 Impar-ibus
424 429 626 480 numerosa
645 429 770 470 modis
789 430 894 471 canit
915 432 998 472 cii-te
1016 428 1212 484 regentis.

137 514 235 583 Qui
259 515 506 566 elementis.
536 514 675 565 Forte
704 517 917 583 scriptum
950 519 1062 567 olim
1082 556 1097 579 ,
1127 517 1256 583 quin-⁴

134 670 260 721 CAp.
295 672 414 725 XX.
473 671 530 722 In
572 669 762 723 Verrem
802 671 960 726 libros.
1019 674 1066 722 A
1111 670 1340 723 Cicerone

68 737 255 802 scriptos
273 777 285 799 ,
328 746 373 787 &
400 737 665 788 notissimOS.

143 805 225 853 De
259 805 518 867 exceptio-ne
550 802 600 853 Er
621 801 838 867 formula.
879 800 1023 850 Erant
1054 804 1256 853 aciiones
1287 805 1345 855 de

67 872 364 934 exceptione,
390 888 557 936 nempe
581 870 641 917 ob
661 870 952 935 exceptiones
972 905 985 928 ,
1013 866 1086 917 seu
1111 871 1339 918 exclusio-

65 952 148 983 nes
167 974 179 995 ,
215 953 315 1001 quae
335 937 719 1003 opponebantur,
754 934 827 984 vel
853 932 1064 983 adversus
1087 935 1305 1000 personas
1322 973 1338 997 ,

66 1002 140 1050 vel
160 1000 371 1058 adversus
395 1022 461 1052 res
487 1001 604 1068 ipsas
626 1041 639 1064 ,
675 1002 747 1050 vel
768 996 980 1049 adversus
1002 1002 1204 1050 afflones
1223 1041 1235 1061 ,
1268 1003 1342 1052 vei

70 1065 283 1116 adversus
324 1069 420 1135 ipsa
453 1069 635 1132 judicia.
688 1067 811 1119 Vide
848 1065 911 1114 Di
951 1067 1026 1114 est.
1054 1067 1130 1115 lib.
1157 1068 1342 1130 XLIV,

67 1132 163 1182 Tit.
201 1151 218 1180 1
247 1172 259 1193 ,
295 1132 349 1184 de
379 1133 732 1196 Exceptionibus
755 1173 771 1193 ,
802 1082 1213 1197 Ρνωένὶρτίοηίὂιις
1234 1173 1250 1191 ,
1289 1132 1339 1185 ὓ*

64 1198 364 1262 praejudiciis.
426 1200 646 1249 Formula
685 1198 791 1249 vero
833 1198 1093 1260 dicebatur,
1130 1198 1255 1266 quod
1290 1203 1341 1247 in

67 1266 339 1315 instituenda
358 1269 541 1315 afflone
562 1269 690 1316 certis
712 1284 765 1314 ac
782 1263 1048 1331 praescriptis
1066 1268 1210 1313 verbis
1234 1264 1344 1315 effet

70 1331 305 1381 utendum.
346 1333 467 1382 Vide
489 1333 732 1396 Cujacium
751 1371 763 1392 ,
797 1329 1016 1379 observat.
1036 1330 1235 1391 XXIII,
1263 1349 1340 1380 21.

132 1397 223 1445 Pro
263 1395 335 1447 M.
377 1397 543 1447 Tullio.
601 1398 738 1446 Periit
778 1398 926 1444 oratio
965 1397 1204 1445 Ciceronis
1249 1414 1340 1462 pro

64 1460 134 1516 Μ.
156 1461 317 1509 Tullio
346 1482 356 1509 ε
397 1480 498 1511 eam
520 1462 674 1512 laudat
695 1461 959 1510 Macrobius
978 1501 990 1522 ,
1024 1462 1080 1511 de
1108 1462 1270 1512 Differ.
1292 1469 1339 1514 &

63 1527 176 1576 Soc.
207 1526 357 1576 Graeci
393 1528 644 1595 Latinique
675 1528 797 1575 verbi
824 1565 837 1586 ,
873 1543 977 1592 cap.
1012 1528 1067 1575 de
1099 1529 1340 1593 Tempore

61 1592 286 1657 perfezstm
341 1592 437 1643 Sed
470 1592 628 1643 Cicero
658 1609 739 1653 pro
780 1590 930 1641 Tullio
973 1595 1216 1659 explicavit
1253 1595 1339 1644 ait.

62 1657 217 1707 Exstat
249 1658 398 1706 adhuc
429 1662 576 1708 oratio
609 1676 695 1723 pro
729 1657 791 1705 A.
824 1656 1028 1706 Caecina.

131 1723 299 1786 Roscii.
341 1723 560 1785 Roscius,
601 1725 789 1784 histrio,
825 1723 963 1789 Syllae
1002 1740 1055 1772 ac
1097 1723 1339 1775 Ciceronis

67 1791 210 1854 gratia
240 1790 555 1839 celeberrimus
585 1809 595 1836 ε
633 1786 749 1837 adeo
787 1805 998 1853 acceptus
1038 1789 1120 1837 fuit
1156 1793 1338 1858 populo

64 1857 282 1904 Romano
301 1893 314 1915 ,
348 1870 398 1903 ut
426 1854 674 1905 mercedem
700 1853 911 1902 diurnam
939 1853 993 1902 de
1018 1854 1194 1915 publico
1219 1857 1338 1907 mille

66 1920 281 1971 denarios
300 1958 314 1978 ‚
354 1920 545 1970 Gallicae
576 1936 772 1968 monetae
803 1919 938 1967 libras
966 1924 1059 1976 778
1082 1959 1093 1980 ,
1110 1918 1217 1985 stne
1232 1940 1337 1986 gre-

61 1985 375 2055 galibussblus
391 1987 632 2049 acceperit,
649 1986 929 2045 Macrobius,
949 1986 1175 2035 Saturnal.
1188 1989 1255 2036 III
1267 2028 1279 2049 ,
1291 2007 1338 2044 7.

132 2051 378 2113 Turpionis
399 2053 614 2102 Ambivii.
647 2052 790 2110 Cujus
814 2053 1063 2098 meminere
1087 2051 1254 2102 Cicero
1280 2054 1338 2102 de

64 2119 336 2178 Seneciute,
369 2135 471 2184 cap.
507 2136 580 2177 14.
623 2123 669 2165 &
710 2117 1013 2184 Symmachus
1044 2117 1067 2164 I
1088 2156 1101 2180 ,
1136 2118 1225 2185 Ep.
1259 2135 1337 2181 252

68 2191 114 2233 δέ
137 2182 214 2245 X,
251 2183 337 2249 Ep.
364 2204 410 2232 2.

133 2248 201 2298 Ec
223 2248 270 2298 in
292 2249 403 2313 ipsa.
437 2245 576 2297 Forte
600 2248 903 2296 omittendum
922 2287 936 2310 ,
970 2247 1040 2300 [aa

132 2314 370 2364 Scribant.
405 2314 481 2362 Ad
506 2316 752 2380 populares
772 2313 895 2363 suos,

129 2379 238 2429 Sive
263 2380 438 2444 inficis.
472 2380 569 2429 Hic
594 2379 766 2446 aliquid
789 2379 967 2429 excidit.
991 2376 1170 2443 Lipsius
1195 2397 1332 2433 tentat

70 2445 120 2494 in
148 2445 351 2510 jen-sibus·
376 2446 478 2508 suis
513 2467 528 2493 .-
577 2444 747 2494 Melius
787 2446 991 2494 Muretus
1016 2443 1153 2510 ,five
1179 2449 1368 2512 sensae

27 2522 30 2525 '
73 2510 252 2574 aliquis.
283 2512 358 2559 Sic
378 2511 520 2559 ferme
537 2510 655 2560 infra
674 2529 776 2577 cap.
797 2530 852 2575 23
874 2551 888 2573 ,
909 2509 1043 2573 pauci
1049 2509 1213 2577 fionsus
1234 2519 1338 2578 apte

75 2575 127 2626 ὓ·
154 2593 251 2623 cum
276 2577 463 2641 quodam
491 2577 654 2626 lumine
677 2578 991 2627 terminantur.

135 2639 272 2694 Accii
292 2658 369 2694 αατ
381 2642 591 2694 Pacuvii.
609 2643 830 2699 Veterum
849 2660 1113 2711 poetarum,
1138 2660 1336 2711 quorum
