1700 2984
425 148 479 208 G
525 168 568 207 Et
598 170 655 208 R*
681 170 730 207 M
779 167 822 206 A
868 168 913 207 N³
952 170 973 206 1-
1014 165 1073 207 Α.
1297 155 1381 226 ‘123‘

109 245 328 330 'publice
352 247 664 307 consuletur
684 295 700 319 ‚
725 244 974 305 sacerdos
997 240 1232 305 civitatis
1247 291 1264 315 ‚
1294 243 1381 302 fin>

107 333 370 411 privatim
401 379 418 403 ,
474 329 587 412 ipse
636 327 1018 411 paterfamiliae
1051 377 1068 401 ,
1124 348 1375 410 precatus

109 413 244 471 deos
268 461 285 485 ,
325 414 631 494 caelumque
659 411 949 492 suspiciens
971 459 987 483 ,
1022 433 1104 471 ter
1134 409 1378 492 singulos

111 494 260 554 tollit
291 542 308 566 ,
357 493 599 554 sublatos
631 541 654 566 ³>
701 492 1009 553 secundum
1058 491 1379 574 impressam

107 579 233 636 ante
259 598 456 636 notam
479 625 495 649 ‚
536 580 944 658 interpretatur.
996 577 1050 634 Si
1073 576 1379 657 prohibue-

108 681 238 718 runt
261 707 277 731 ‚
320 660 473 718 nulla
496 708 527 732 ,,
553 661 623 719 de
649 660 850 718 eadem
877 682 934 719 re
963 700 993 730 ,-
1019 660 1077 715 in
1107 660 1379 718 eumdem

111 743 264 802 diem
290 791 306 815 ‚
342 742 670 802 consultatio
700 767 721 800 :r
753 741 835 800 sin
854 740 1180 824 permiffum
1206 789 1222 812 ,
1257 740 1379 800 aus-

105 827 381 908 piciorum
418 827 599 886 adhuc
645 825 782 885 fides
826 825 1082 907 exigitur.
1133 826 1200 882 Et
1233 824 1379 884 illud

105 908 537 989 quidemetiam
562 909 651 967 hic
674 930 876 967 notum
903 956 919 980 ‚
963 909 1151 966 avium
1177 930 1340 967 voces
1356 950 1377 981 3

106 991 430 1073 volatusque
449 994 810 1073 interrogare.
841 991 1137 1073 Proprium
1156 991 1377 1070 gentis,

107 1097 384 1155 equorum
409 1099 635 1156 quoque
660 1074 912 1156 praesagia
936 1098 996 1132 ac
1023 1075 1270 1132 monitus
1289 1097 1378 1133 ex-

105 1159 305 1240 periri:
337 1158 555 1240 publice
581 1158 800 1216 aluntur
823 1155 1023 1216 iisdem
1050 1157 1376 1217 nemoribus

105 1264 167 1299 ac
200 1240 334 1299 lucis
356 1288 377 1312 ‚A
412 1241 638 1299 candidi
660 1288 676 1312 ,
698 1250 756 1300 ὃς
782 1240 937 1297 nullo
961 1240 1185 1297 mortali
1205 1263 1375 1321 opere

104 1324 345 1382 contacti
371 1370 400 1394 ,,
433 1347 571 1404 quos
597 1323 796 1404 pressos
825 1321 979 1381 sacro
1006 1345 1168 1381 curru
1197 1321 1376 1382 sacer-2

106 1407 205 1465 dos
221 1454 238 1478 ‚
263 1430 325 1465 ac
347 1428 440 1465 rex
457 1455 475 1478 ‚
498 1407 587 1466 vel
609 1408 863 1489 princeps
891 1406 1127 1465 civitatis
1145 1453 1162 1477 ,
1195 1407 1376 1464 comi-

103 1509 308 1562 tantur,
324 1489 680 1571 hinnitusque
702 1514 762 1548 ac
780 1489 1036 1549 fremitus
1061 1487 1374 1550 observant,

101 1574 224 1632 Nec
249 1572 350 1631 ulli
377 1572 616 1655 auspicio
636 1581 820 1654 major
838 1573 976 1633 fides
996 1621 1013 1645 ‚
1052 1596 1168 1631 non
1194 1572 1379 1632 solum
1436 1602 1440 1606 ·

91 1655 249 1737 ‘apud
277 1656 505 1737 plebem
527 1704 544 1729 ,
587 1655 682 1715 sed
714 1656 861 1737 apud
889 1679 1139 1736 proceres
1165 1704 1181 1728 ‚
1228 1656 1378 1739 apud.

102 1737 428 1798 sacerdotes.
475 1742 541 1799 Se
584 1741 738 1798 enim
775 1740 1052 1797 ministros
1093 1739 1332 1799 deorum
1355 1787 1375 1813 ‚

104 1821 230 1882 illos
254 1821 501 1881 conscios
522 1843 733 1904 putant.
756 1823 913 1882 Est&
930 1821 1036 1881 alia
1060 1820 1378 1882 observatio

103 1903 471 1988 auspiciorum
486 1954 501 1978 ,
520 1905 629 1986 qua
643 1907 895 1988 gravium
910 1905 1190 1965 bellorum
1210 1929 1380 1976 evena-1

105 2009 189 2047 tus
215 1989 517 2071 explorant.
566 1993 693 2070 Ejus
716 1990 896 2072 gentis
916 2036 934 2061 ‚
967 2013 1097 2049 cum
1125 1989 1233 2069 qua
1257 1989 1377 2049 bel÷

102 2071 225 2131 lum
263 2075 338 2132 est
362 2120 379 2145 ,
423 2073 714 2153 captivum
736 2095 968 2154 quoquo
997 2071 1173 2131 modo
1199 2073 1375 2132 inter-

102 2177 330 2239 ceptum
350 2205 367 2233 ,
392 2178 521 2214 cum
545 2156 720 2216 electo
741 2155 1094 2238 popularium
1116 2155 1381 2228 suorum3

104 2240 293 2321 parnis
315 2263 601 2320 quemque
627 2241 793 2298 armis
827 2241 1194 2297 committunt
1219 2263 1231 2296 z
1264 2239 1376 2297 vic-

107 2324 248 2382 toria
285 2325 445 2404 hujus
468 2371 489 2395 ,
532 2323 621 2383 vel
667 2321 813 2383 illius
842 2368 866 2394 ,,
906 2344 1007 2405 pro
1053 2321 1376 2405 praejudicio.

109 2428 387 2487 accipitur.

195 2491 297 2548 XI.
327 2493 416 2548 DE
437 2489 745 2550 minoribus
766 2489 931 2550 rebus
948 2487 1220 2570 principes
1242 2510 1377 2560 con-¹

105 2569 308 2636 fultant
326 2621 348 2646 ,,
373 2573 442 2634 de
467 2576 770 2657 majoribus
793 2595 989 2636 omnes
1011 2597 1022 2632 ε
1043 2572 1121 2632 ita
1146 2591 1378 2657 tamen3'
