1663 2958
197 145 278 181 DE
336 120 847 193 ORAToRmus
888 136 1128 199 Nom.
1227 169 1340 225 357

70 213 254 285 inquies
277 227 537 274 mortalium
564 232 775 292 animus,
810 232 918 282 dum
942 242 1164 300 praeterita
1186 242 1342 294 laudat

78 299 289 351 tempora
308 328 321 349 ,
351 292 584 354 praesentia
607 295 774 345 fastidit
792 335 804 357 ,
843 299 991 351 futura
1013 323 1142 370 optat
1164 305 1339 372 sperat-

76 366 164 414 que
188 351 365 418 semper
385 359 592 407 meliora.
636 361 710 407 De
738 381 911 430 magno
936 385 1059 417 anno
1081 374 1212 436 plura
1238 395 1338 424 non

72 415 323 466 addiderim
342 459 355 480 ,
397 424 594 471 maxime
617 425 721 474 cum
744 428 864 479 hanc
899 439 1133 484 materiam
1165 442 1339 490 erudit&

73 484 326 533 tra-{iaverit
351 485 427 535 Cl.
446 488 561 538 dela
582 490 744 540 Nauze
763 533 776 554 ,
810 496 1055 549 Me‘moires
1085 502 1139 552 de
1168 503 1336 555 [Ἀσα-

70 544 211 597 de'mie
245 549 416 616 Royale
457 553 534 604 des
575 554 870 620 Instriptions
901 602 916 621 ‚
965 566 1107 615 Tom.
1146 568 1296 621 XXII
1321 588 1341 634 ,·

67 629 179 678 pag.
206 618 262 663 82
289 623 331 664 &
357 617 482 687 seqq.
532 621 585 670 Id
616 640 758 671 unum
782 636 1130 681 memoraverim
1156 674 1169 695 ,
1208 640 1336 704 quod

65 695 165 726 non
208 682 271 730 iza
313 701 614 751 compertum.
663 689 894 756 Magnum
932 714 1118 766 quoque
1159 719 1334 755 annum

64 743 235 794 habent
277 748 486 801 Sinenses
520 794 534 815 ,
592 752 695 802 cum
735 762 1081 826 conjunguntur
1122 769 1331 830 planetae.

63 808 240 860 Recens
260 816 496 867 inventum
511 859 523 880 ,
550 838 634 869 nec
652 820 910 888 usurpatum
933 845 1036 877 ante
1055 832 1330 898 Dynastiam

61 874 332 943 Principum
369 884 478 933 Han
497 926 511 945 ,
553 904 652 954 quae
675 891 901 955 imperare
927 899 1067 961 coepit
1088 915 1212 947 anno
1234 918 1326 962 205

61 959 166 991 ante
187 944 342 997 Jesum
365 949 609 1002 Christum.
664 954 767 1003 Nec
793 960 1076 1010 constantem
1101 966 1222 1030 apud
1249 986 1329 1016 eos

60 1007 150 1056 effe
183 1017 342 1078 magni
377 1018 494 1066 illius
528 1021 637 1066 anni
671 1021 956 1074 durationem
978 1067 991 1088 ,
1034 1029 1125 1078 hoc
1164 1032 1325 1082 saeculo

61 1077 295 1126 certiffime
343 1099 629 1148 compertum
675 1086 930 1140 habuimus.
993 1093 1215 1161 Nempe,
1259 1099 1326 1149 uti

59 1146 321 1206 accepimus
348 1166 400 1195 ex
427 1151 562 1198 literis
588 1152 690 1200 ΜΠ.
725 1154 864 1204 Patris
889 1157 1060 1208 Gaubil
1083 1163 1190 1212 Soc.
1218 1165 1325 1217 Jesu

57 1206 115 1254 ab
139 1209 247 1257 urbe
272 1209 452 1281 Peleing
477 1254 493 1275 ,
527 1218 599 1265 die
630 1237 683 1278 25
711 1219 931 1272 O&obris
955 1264 967 1284 ,
1000 1245 1124 1275 anno
1162 1249 1280 1291 1725
1307 1271 1323 1295 ,

56 1273 114 1320 ad
139 1273 318 1324 Patrem
338 1281 524 1330 Souciet
550 1282 719 1350 scriptis
747 1326 758 1347 ,
792 1288 894 1336 crim
925 1291 1130 1357 Jupiter,
1161 1295 1320 1356 Mars,

55 1337 217 1388 Venus
237 1381 248 1401 ,
281 1343 534 1396 Mercurius
570 1351 722 1398 mense
759 1354 928 1403 Martio
953 1396 965 1417 ,
1006 1377 1130 1406 anno
1161 1379 1279 1423 1725
1308 1401 1320 1425 ,

52 1408 411 1472 proximassent,
443 1415 651 1463 Sinenses
677 1416 992 1470 Mathematici
1025 1426 1170 1474 statim
1201 1446 1322 1477 con-

51 1469 221 1520 finxere
264 1479 509 1542 quamdam
548 1482 728 1530 Saturni
775 1491 1316 1558 appropinquationem,

50 1555 304 1605 eorumque
354 1562 457 1592 cum
499 1547 608 1594 Soie
651 1548 879 1618 Lunaque
923 1558 1319 1617 conjunctionem,

50 1601 168 1651 Mox
201 1606 472 1671 Imperatori
515 1610 822 1680 Yong-cching
858 1618 1036 1669 libellos
1075 1624 1316 1691 obtulere,

49 1674 95 1714 δε
112 1669 233 1719 hanc
252 1679 601 1724 renovationem
621 1679 882 1730 saeculorum
902 1688 941 1733 ei
964 1691 1175 1752 gratulati
1199 1692 1314 1742 sunt.

48 1732 156 1784 Hac
183 1733 239 1784 de
268 1756 315 1786 re
345 1742 550 1804 publicas
577 1761 763 1810 quoque
793 1767 1064 1815 magnatum
1099 1761 1314 1822 gratula-

45 1800 193 1848 tiones
211 1808 670 1872 excepitImperator.
683 1812 783 1877 Ipse
795 1816 919 1863 illam
931 1822 1311 1881 conjuriffionem

44 1863 129 1913 suis
167 1870 214 1914 in
250 1870 407 1920 ediftis
440 1874 670 1940 saepiffi1ne
704 1880 988 1946 publicavit3
1031 1892 1075 1933 δε
1116 1889 1311 1941 tribunal

42 1929 420 1986 Mathematicum
449 1943 497 1988 in
534 1947 872 1997 memorialibus
904 1947 987 1998 suis
1017 1952 1308 2012 historiarum

41 1996 166 2046 libris
198 1999 397 2067 scripsit:
437 2009 620 2065 «Anno
658 2015 787 2059 tertio
822 2016 1114 2080 imperatoris
1149 2021 1307 2089 Yong—

42 2083 70 2108 ν
87 2064 246 2131 tclzz'tzg
265 2106 280 2124 ‚
310 2067 503 2120 secunda
529 2073 663 2123 Luna
681 2116 693 2136 ,
718 2078 801 2126 fuit
823 2080 992 2146 septem
1015 2085 1305 2148 planetarum

40 2133 411 2193 »conjunfflom
470 2138 602 2188 Pater
646 2145 819 2209 Kegler
857 2185 869 2206 ,
912 2148 1155 2200 Societatis
1198 2154 1304 2206 Jesu

38 2195 390 2252 Mathematicus
420 2243 431 2262 ,
480 2224 567 2270 pro
602 2210 716 2255 virili
750 2226 879 2274 parte
915 2217 1071 2263 enixus
1109 2218 1173 2266 'est
1200 2259 1213 2279 ,
1256 2238 1305 2270 ut

35 2262 84 2309 id
119 2272 483 2318 commentitium
514 2279 560 2319 ὃς
592 2273 749 2321 falsum
781 2276 868 2324 esse
898 2279 1167 2344 Imperatori
1198 2304 1304 2351 per-

31 2327 252 2383 suaderet.
290 2334 527 2385 Praevaluit
561 2340 758 2388 Sinenfis
798 2342 1011 2393 adulatio.
1063 2349 1175 2398 Inde
1200 2371 1302 2401 ma-

38 2395 248 2446 nifestum
291 2404 352 2449 est
385 2442 397 2463 ‚
452 2408 589 2470 quam
635 2406 847 2474 leviffime
894 2410 1104 2462 adversus
1153 2416 1299 2469 sacros

25 2458 279 2521 ‘Hebraicae
311 2469 550 2532 Scripturae
577 2471 714 2519 libros
745 2491 770 2521 a
796 2479 1028 2527 nonnullis
1060 2482 1298 2541 objiciatur·

33 2525 185 2576 fimilis
208 2533 475 2592 conjuncrio
497 2575 508 2596 ,
534 2555 634 2604 quae
650 2538 789 2588 fertur
807 2544 1043 2609 contigisse
1063 2546 1138 2595 sub
1158 2549 1296 2599 Prin-

36 2592 138 2656 cipe
170 2594 521 2651 Tchouen-Hiu.
580 2604 732 2668 Hujus
761 2607 1052 2674 Imperatoris
1078 2616 1206 2667 initia
1238 2618 1297 2668 ad
