1663 2958
272 202 275 205 ·
322 205 446 264 “142
539 181 614 241 C.
660 178 1090 236 CORNELII
1149 169 1449 228 TAM-:rt

322 288 418 348 Sic
436 277 774 341 Corneliam
789 271 1178 332 Gracchorum
1195 316 1212 341 ,
1231 267 1300 327 fic
1314 267 1610 330 Aureliam
1662 292 1663 314 ¹

323 365 556 430 Caesaris
579 411 596 436 ‚
628 359 698 419 fic
723 358 920 419 Atiam
942 354 1179 437 Augusti
1209 373 1453 412 matrem
1476 375 1612 436 prce-¹

320 447 489 516 :fuisse
517 441 943 507 educationibus
965 488 982 512 ‚
1024 462 1086 498 ac
1109 435 1424 521 produxisse
1451 438 1607 519 prin-

327 538 480 620 cipes
520 531 726 591 liberos
765 526 1116 607 accepimus:
1155 544 1276 602 quae
1317 520 1607 603 disciplina

324 645 392 681 ac
435 616 695 677 severitas
740 614 807 672 eo
851 607 1166 691 pertinebat
1191 653 1208 678 ,
1255 625 1316 667 ut
1361 603 1568 664 sincera
1590 653 1609 680 ,

324 713 388 765 δε
409 703 627 782 integra
644 747 660 771 ,
691 693 749 757 &
776 695 940 753 nullis
962 689 1324 774 pravitatibus
1351 689 1573 748 detorta
1588 699 1627 764 ‚'

321 782 752 865 uniuscujusque
787 799 982 837 natura
1010 797 1132 834 toto
1168 773 1352 833 statim
1385 777 1610 856 perstore

327 872 595 954 arriperet
623 887 763 926 artes
805 862 1056 921 honestas
1079 907 1096 933 ,
1139 867 1197 919 &
1224 857 1332 917 sive
1372 856 1445 915 acl
1484 879 1609 916 rem

323 956 638 1016 militar-em
660 998 678 1024 ,
720 947 828 1008 five
857 946 929 1005 ad
960 945 1090 1026 jur-is
1118 941 1408 1002 scientiam
1436 988 1453 1013 ,
1500 940 1610 1005 five

322 1040 398 1101 ad
423 1034 758 1119 eloquentiae
777 1030 1024 1089 studium
1048 1024 1359 1085 inclinasset
1382 1072 1398 1096 ,
1430 1025 1491 1083 id
1517 1024 1610 1084 so—

323 1125 451 1190 lum
485 1140 675 1203 ageret
694 1165 714 1190 ,,
750 1114 810 1174 id
837 1110 1157 1173 universum
1187 1110 1449 1168 hauriret.
1594 1171 1605 1174 ‚

416 1206 640 1271 XXIX.
685 1201 775 1260 AT
799 1220 948 1256 nunc
984 1217 1143 1254 natus
1165 1192 1350 1253 infans
1376 1190 1606 1274 delega-

321 1315 414 1360 tur
429 1286 693 1349 Graeculae
714 1283 878 1343 alicui
899 1279 1110 1340 ancillae
1128 1326 1145 1350 ,
1177 1279 1266 1337 cui
1282 1276 1606 1357 adjungitur

326 1397 467 1439 unus
489 1393 583 1435 aut
605 1371 744 1430 alter
766 1391 830 1427 ex
848 1365 1114 1424 omnibus
1138 1362 1303 1422 servis
1322 1409 1338 1432 ,
1364 1360 1610 1441 plerum-

320 1484 436 1545 que
461 1456 747 1519 viliss-imus
775 1500 791 1524 ‚
824 1473 927 1509 nec
954 1449 1221 1529 cuiquam
1244 1445 1385 1505 serio
1411 1441 1608 1505 minis-

321 1545 467 1614 terio
498 1535 977 1601 accommodatus·
1037 1536 1260 1590 Horum
1296 1527 1505 1587 ‘fabulis
1548 1535 1607 1587 δε

323 1626 608 1690 erroribus
658 1619 837 1683 reneri
882 1613 1068 1675 statim
1113 1624 1171 1674 ἅτ
1216 1612 1380 1672 rudes
1427 1611 1604 1670 animi

321 1712 679 1775 imbuuntur.
727 1705 846 1763 Nec
874 1699 1172 1781 quisquam
1198 1696 1256 1755 in
1281 1695 1400 1756 ¹tota
1430 1695 1608 1754 domo

321 1795 478 1884 pensi
497 1794 667 1853 habet
684 1838 699 1862 ‚
720 1785 860 1867 quid
881 1807 1071 1843 coram
1091 1779 1308 1840 infante
1331 1780 1570 1838 domino
1586 1826 1606 1852 ,

323 1902 421 1943 aut
446 1879 594 1938 dicat
618 1924 633 1948 ‚
668 1893 761 1932 aut
787 1869 954 1928 faciat
979 1892 992 1925 :
1033 1865 1267 1947 quando
1302 1865 1475 1924 etiam
1508 1862 1608 1945 ipfi

316 1983 577 2049 parentes
606 1981 707 2018 nec
741 1951 1043 2037 probitati,
1072 1971 1256 2029 neque
1286 1947 1566 2006 modestiae
1587 1994 1607 2020 ‚

323 2045 582 2133 parvulos
607 2036 989 2102 adsuefaciunt
1013 2081 1029 2106 ,
1076 2030 1170 2091 sed
1199 2030 1427 2090 lasciviae
1454 2038 1509 2090 δε
1539 2030 1609 2088 li-

323 2130 572 2208 bertati3
612 2148 709 2210 per
751 2145 873 2204 quae
917 2114 1209 2201 paullatim
1249 2115 1638 2198 impudentia·

318 2216 515 2299 irrepit
531 2261 547 2286 ‚
586 2221 642 2272 δε
666 2208 746 2268 sui
769 2205 1052 2284 alienique
1077 2220 1448 2282 contemptus·
1472 2199 1505 2261 J
1509 2223 1603 2258 am
1630 2222 1634 2226 ⁵

320 2303 457 2363 vero
510 2295 730 2382 propria
778 2300 835 2352 &
875 2285 1172 2372 peculiaria
1220 2284 1378 2364 hujus
1429 2282 1625 2351 Urbis,

323 2385 463 2445 vitia
501 2403 652 2465 paene
686 2379 743 2437 in
779 2396 939 2434 utero
972 2369 1162 2429 matris
1199 2367 1419 2450 concipi
1458 2366 1602 2425 mihi
1635 2418 1637 2420 ,

321 2468 624 2536 videntur,
666 2454 995 2520 histrionalis
1040 2450 1197 2511 favor
1228 2499 1243 2523 ‚
1288 2459 1345 2510 ὃς
1392 2449 1601 2533 gladia-

326 2574 516 2613 torum
547 2563 937 2629 equorumque
967 2536 1177 2596 studia:
1210 2534 1409 2616 quibus
1439 2557 1599 2592 occu-

321 2659 480 2720 patus
512 2642 569 2696 δε
601 2626 840 2692 obsessus
872 2623 1089 2685 animus
1121 2618 1454 2704 quantulum
1483 2616 1594 2677 loci
