1663 2958
259 158 344 207 'DE
399 144 892 207 Onnomnus
951 142 1182 203 Nom.
1271 157 1390 215 '401

188 242 297 313 Nlfi
320 245 409 311 qui.
460 244 846 306 Emendandum,
879 242 966 309 nist
1002 241 1102 308 quis
1124 258 1146 301 ,·
1187 255 1236 290 ut
1270 238 1388 292 redi&

128 315 364 360 annotavit
394 311 594 376 LipfiuS.

192 377 474 443 Testimonia.
494 375 633 424 Tunc
662 392 775 441 ergo
802 377 849 423 in
875 373 1066 438 publicis
1088 372 1273 435 judiciis‘
1293 390 1391 421 non

125 442 327 491 absentes
357 459 442 491 nec
471 459 553 507 per
587 440 798 489 tabellam
837 441 1093 489 testimonia
1129 439 1271 499 dare,
1315 438 1390 486 sed

121 524 280 556 coram
312 515 356 556 &
392 507 632 574 praesentes
668 507 819 557 dicere
853 506 1150 572 cogebantur.
1197 504 1310 567 Quo
1342 507 1393 553 in

123 571 204 621 usu
233 575 482 638 plurimum
514 572 690 623 valebat
722 575 1001 639 eloquentia.
1048 571 1124 619 De
1160 571 1227 618 his
1267 570 1391 618 testi-

122 642 292 687 moniis
315 638 626 702 Quintilianus
645 677 657 698 ,
690 637 753 696 V,
780 656 825 693 7.
857 636 1099 686 Maximus
1127 651 1274 684 tamen
1296 652 1390 696 pa·-

120 705 270 754 tronis
296 708 419 753 circa
445 704 688 770 testimonia
702 703 842 766 sudor
871 703 943 768 est.
980 701 1051 750 Ea
1074 701 1286 750 dicuntur
1311 717 1391 750 aut

83 772 91 777 ’
117 786 199 833 per
230 770 438 833 rabulas,
464 788 541 820 aut
563 768 912 834 apraesenzz'bus.
949 767 1208 829 Simplicior
1231 781 1393 815 contra

119 835 303 884 tabulas
323 852 497 902 pugna.
538 837 697 884 Minor
718 839 841 884 enirn
864 833 1016 899 pudor
1034 872 1046 893 ‚
1088 831 1137 881 &a
1155 850 1236 894 pro
1264 831 1391 899 diffi-

117 899 278 949 dentici
311 904 529 964 premitur
565 901 781 966 absentia.
804 935 818 949 .
844 941 854 951 .
880 934 896 949 .
941 898 1054 948 Cum
1087 898 1389 963 praesentibus

119 970 225 1018 vert)
262 967 427 1033 ingens
464 967 696 1017 dimicatio
726 967 822 1033 est,
860 965 1040 1030 ideoque
1066 963 1189 1013 velut
1222 963 1394 1025 duplici

118 1048 278 1082 contra
298 1051 373 1082 eos
393 1073 407 1092 ,
438 1052 601 1099 proque
619 1034 691 1082 his
710 1033 807 1082 acie
825 1032 1086 1099 confligitur
1100 1069 1115 1093 ,
1141 1029 1391 1090 affiicmum,

117 1097 171 1152 ὃ*
202 1098 371 1148 interro
408 1101 625 1149 ationum.

183 1163 241 1213 In
278 1165 363 1226 pub
388 1166 487 1214 icis.
531 1166 806 1232 Rodolphus
836 1165 1061 1232 Agricola
1093 1161 1303 1228 supplet,
1340 1161 1390 1211 in

114 1229 308 1294 publicis
337 1231 544 1296 judiciis.
586 1233 797 1280 Ernestus
829 1231 1072 1290 emendat,
1105 1229 1151 1277 in
1184 1227 1389 1292 judiciis.

188 1296 253 1345 Et
291 1296 527 1346 commoda.
579 1299 697 1347 Haec
744 1298 997 1346 redundare
1045 1295 1268 1344 videntur.
1322 1294 1389 1343 Ni

112 1361 232 1475 {orte
269 1363 320 1411 fit
359 1363 697 1414 emendandum
722 1403 737 1426 ‚
785 1382 870 1414 nec
901 1361 1026 1412 mod&
1062 1360 1271 1426 disertum
1303 1359 1389 1410 ha·-

145 1428 237 1489 eri,
275 1434 364 1479 &c.

180 1557 307 1606 CAP.
335 1558 602 1608 XXXVII.
643 1557 688 1606 A
717 1557 954 1607 Muciam.
998 1560 1143 1617 Cujus
1170 1559 1386 1625 frequens

114 1624 200 1672 fuit
233 1627 408 1672 mentio
450 1627 499 1671 in
537 1623 847 1673 Historiarum
883 1624 1023 1673 libris.
1081 1624 1191 1688 Ejus
1235 1642 1387 1674 mores

116 1689 217 1739 vide
254 1689 374 1737 Hist.
405 1691 450 1736 Π
468 1728 481 1749 ,
512 1705 554 1748 5.

177 1754 390 1803 Afiorum
410 1755 555 1803 libris.
573 1755 699 1822 Ergo
718 1758 912 1806 collecta
929 1773 1131 1806 veterum
1151 1773 1384 1806 oratorum

110 1823 215 1934 {iffa
252 1821 375 1869 libris
417 1821 664 1883 undecim,
711 1841 964 1889 eorumque
1004 1824 1203 1888 epistolae
1246 1825 1384 1872 tribus

127 1906 142 1934 i
176 1904 250 1934 ris-

178 1952 253 2000 M.
310 1952 524 2019 Craffitm.
570 1953 640 2002 Μ.
683 1953 828 2002 Craffi
870 1957 1111 2021 ingenium
1158 1956 1386 2024 eloquen-

114 2020 316 2085 tiamque
351 2022 564 2084 exprimit
597 2020 764 2068 Cicero
786 2058 798 2078 ,
835 2018 888 2069 de
917 2021 1056 2069 claris
1080 2020 1352 2071 Oratoribus
1369 2062 1384 2084 ‚

114 2100 219 2150 cap.
253 2093 330 2133 66.
377 2086 553 2133 Ibidem
585 2091 629 2132 &
660 2088 706 2131 in
740 2086 862 2132 libris
887 2085 939 2135 de
968 2086 1160 2135 Oratore
1181 2127 1194 2149 ‚
1232 2089 1386 2137 videre

110 2152 173 2197 est
195 2151 348 2199 laudes
372 2151 675 2199 Lentulorum
690 2189 705 2211 ‚
728 2150 1053 2213 Metellorum,
1078 2153 1384 2204 Lucullorum

109 2222 157 2264 &
186 2217 464 2266 Curionum.
613 2229 620 2231 “

175 2282 273 2331 Aut
289 2282 509 2346 fhrmulcz.
527 2283 603 2331 De
630 2281 827 2330 formula
850 2284 1018 2331 dietum
1049 2284 1179 2349 supra*
1209 2302 1311 2351 cap.
1337 2304 1381 2337 1.

109 2348 397 2412 Quaestiones
432 2365 583 2397 autem
609 2349 665 2396 de
694 2350 941 2398 interdiffis
970 2357 1015 2397 &
1047 2350 1172 2399 furtis
1203 2353 1304 2400 vide
1330 2356 1380 2401 in

106 2415 286 2529 ITDigest.
324 2415 426 2466 libr.
463 2415 627 2464 XLIII
658 2453 671 2475 ‚
715 2414 811 2463 Tit.
848 2435 890 2466 1.
931 2423 976 2464 δε
1015 2417 1118 2467 libr.
1149 2417 1342 2470 XLVII
1365 2457 1381 2480 ,

104 2527 109 2533 ,
153 2497 199 2530 it.
236 2500 280 2528 2.

166 2545 305 2595 Nihil
329 2546 418 2596 tale
437 2547 649 2610 patimur.
683 2546 799 2595 Haec
825 2546 882 2593 ad
906 2545 1173 2611 Vespasiani
1193 2548 1377 2600 laudem

119 2611 267 2677 adhuc
293 2616 539 2681 pertinent.
572 2613 694 2666 Vide
714 2612 941 2675 jamdicta
963 2631 1066 2675 cap.
1086 2613 1185 2679 sup.
