1663 2958
315 170 442 244 ”136
526 165 1078 226 Cacommrr
1123 159 1427 229 TActri

320 264 466 349 ipsos
494 264 781 326 incess‘eret
807 273 818 327 !
856 268 1051 327 ‘fuum
1076 287 1307 342 tamen55
1329 265 1602 342 Meffa'l'aj'
1644 308 1654 368 ἵ

319 348 651 430 promiffum
673 349 992 412 immutaffe
1019 376 1136 412 non
1160 353 1332 413 debes
1361 378 1374 410 :
1410 371 1599 433 nequo
1652 419 1660 423 ,,

321 432 482 491 enim
520 430 840 494 defensores
877 437 1241 518 antiquorum
1279 437 1554 518 exigimus
1580 477 1605 515 ,¹
1660 439 1663 475 ἵ

321 537 426 575 nec
464 539 814 598 quemquam
851 521 1163 579 nostrorum
1189 568 1206 593 ‚
1251 541 1602 600 quamquam
1662 516 1663 521 ἵ

320 599 499 658 modo
525 600 735 661 laudati
755 602 971 677 sumus,
997 604 1080 663 his
1100 651 1116 676 ‚
1147 626 1286 684 quos
1307 601 1601 663 insectatus

323 685 400 744 est
428 684 614 767 Aper,
658 709 1045 769 comparamus
1069 709 1086 743 τ
1118 710 1179 745 ac
1215 709 1288 746 ne
1321 685 1435 769 ipse
1469 687 1602 768 qui-
1654 742 1655 745 ,

322 767 461 827 dem
499 771 577 828 ita
617 768 783 830 sentit
811 818 827 842 ‚
873 770 970 831 sed
1015 793 1177 830 more
1215 771 1433 843 veteri,
1473 778 1538 830 δε-
1566 794 1601 831 a
1654 758 1663 841 l

321 853 508 914 vestris
528 853 871 937 philosophis
886 855 1021 938 saepe
1042 855 1323 915 celebrato
1339 903 1356 927 ,
1374 852 1603 936 sumpfit
1656 847 1663 915 l

322 935 424 995 fibi
450 938 875 998 contradicendi
896 961 1091 1020 partes.
1115 942 1392 1022 Exprome
1417 938 1603 1011 nobis,

326 1102 453 1163 illos
483 1102 636 1163 fama
660 1103 754 1164 sua
778 1105 968 1165 laudat
988 1153 1004 1178 ‚
1040 1105 1136 1165 sed
1168 1104 1349 1165 causas
1370 1153 1387 1178 ,
1424 1106 1605 1166 curin

325 1207 549 1248 tantum
593 1189 664 1248 ab
711 1188 1035 1271 eloquentia
1078 1213 1275 1251 eorum
1324 1187 1606 1250 recesseri-

322 1294 490 1350 mus3
536 1272 666 1332 cum
701 1273 1001 1356 praesertim
1037 1296 1264 1334 centum
1312 1281 1370 1334 δε
1401 1272 1605 1356 viginti

323 1378 499 1416 annos
526 1357 596 1415 ab
618 1358 851 1417 interitu
876 1359 1169 1418 Ciceronis
1194 1361 1252 1416 in
1271 1357 1420 1417 hunc
1448 1358 1605 1418 diem

322 1437 470 1502 effici
494 1441 636 1501 ratio
658 1463 983 1522 temporum
1011 1442 1317 1525 collegerit.

401 1525 597 1585 XXV.
650 1528 747 1585 TU
765 1548 816 1583 M·
864 1525 1105 1606 Aleffala
1147 1549 1165 1583 ςἴ
1214 1529 1424 1606 Sequar
1471 1548 1503 1582 a
1548 1544 1604 1584 te

321 1606 692 1690 praescriptam
728 1606 976 1667 formam
1008 1657 1023 1681 ,
1073 1610 1339 1668 Materne
1359 1633 1377 1665 ·:
1420 1630 1606 1689 neque

319 1691 478 1750 enim
507 1692 606 1751 diu
636 1692 1141 1752 contradicendum
1171 1694 1244 1752 est
1266 1692 1423 1775 Apro
1448 1739 1465 1764 ‚
1507 1692 1607 1773 qui

301 1775 576 1857 primum
596 1824 613 1849 ,
648 1796 710 1835 ut
732 1777 932 1858 opinor
954 1825 970 1849 ,
1006 1777 1255 1836 nominis
1283 1797 1610 1835 controver-

314 1857 459 1917 siam
513 1860 696 1918 movit
729 1908 745 1932 ,
806 1882 1099 1942 tamquam
1141 1883 1338 1943 parum
1387 1858 1608 1942 propri&

316 1944 543 2024 antiqui
600 1965 931 2004 vocarentur
964 1993 980 2017 ,
1034 1967 1173 2024 quos
1219 1943 1344 2003 satis
1397 1944 1608 2003 constat

323 2049 454 2086 ante
494 2048 725 2087 centum
764 2051 938 2087 annos
977 2025 1156 2088 fuisse.
1216 2026 1372 2087 Mihi
1414 2022 1605 2085 autem

319 2110 395 2170 de
439 2111 715 2170 vocabulo
760 2135 946 2195 pugna
991 2135 1107 2170 non
1153 2114 1228 2171 est
1257 2159 1273 2183 ‚
1326 2109 1434 2169 five
1479 2109 1613 2169 illos*

323 2194 584 2279 antiquos
616 2244 632 2267 ,
678 2194 784 2255 slve
840 2203 1079 2277 majores
1114 2242 1130 2267 ‚
1180 2194 1288 2254 five
1336 2217 1449 2275 quo
1494 2192 1606 2252 alio

323 2279 539 2338 mavult
572 2280 807 2339 nomine
828 2328 845 2353 ,
881 2279 1125 2363 appellet
1152 2304 1168 2337 :·
1204 2276 1527 2336 dummodo·
1545 2277 1605 2335 in

325 2360 574 2421 confeffo
599 2363 697 2436 sit,
729 2364 1170 2423 eminentiorem
1200 2361 1431 2420 illorum
1461 2382 1610 2420 tem-

325 2468 528 2528 porum
567 2446 953 2528 eloquentiam
992 2445 1168 2506 fuiffe.
1234 2447 1324 2504 Ne
1364 2444 1448 2502 illi
1484 2443 1608 2524 qui-

327 2530 461 2588 dem
484 2532 624 2613 parti
647 2530 917 2591 sermonis
943 2538 1060 2610 ejus
1084 2552 1333 2611 repugno
1350 2577 1366 2602 ,
1398 2527 1435 2586 fi
1459 2550 1604 2608 quo-

321 2613 515 2680 minus
559 2613 764 2678 fatetur
798 2664 816 2692 ,
878 2614 1062 2698 plures
1114 2612 1325 2675 formas
1377 2608 1609 2675 dicendi.

1661 969 1663 1008 l

320 1043 439 1080 non
465 1020 851 1082 laudationem
876 1024 1238 1104 antiquorum
1257 1023 1421 1094 ‚satis
1445 1023 1604 1082 enim
1661 1074 1663 1080 Α
