1663 2958
231 153 359 212 404
529 134 1213 196 INDrALootJM

238 253 287 285 ut
320 233 472 282 videre
507 236 570 282 est
600 237 650 282 in
685 233 867 299 Digest.
899 233 1002 282 libr.
1031 234 1285 298 XLVIII,
1317 235 1414 286 Tit.
1442 233 1535 301 132¹

242 300 319 350 Ad
338 301 491 365 legem
510 299 682 352 Juliam
703 299 941 350 Peculatiis
962 340 975 362 ‚
1005 301 1127 367 Leg.
1150 307 1174 351 8
1200 342 1212 364 ‚
1241 302 1294 352 de
1313 302 1519 354 Tabulis.

238 366 384 415 Porro
413 368 463 413 in
495 366 565 414 his
601 365 836 415 auditoriis
867 374 911 415 &
941 369 1170 417 tabulariis
1202 368 1342 418 causae
1371 371 1525 434 expli-

239 431 458 480 cabantur
475 470 490 492 ‚
512 451 610 480 non
633 430 741 480 vero
762 434 1030 485 orabantur.
1060 436 1134 483 Ac
1151 436 1348 501 proinde
1370 437 1520 483 nullus

237 498 515 565 eloquentiae
542 502 740 563 impetus
765 540 777 560 ‚
816 502 968 548 nullus
993 503 1118 549 calor
1138 540 1150 560 ,
1185 505 1318 569 vigor
1341 503 1520 550 nullus:

241 566 331 630 qua
370 563 427 612 de
461 582 512 613 te
550 566 653 615 vide
692 567 1070 634 elegantiffimam
1106 566 1244 617 Plinii
1281 569 1524 634 epistolam

238 631 316 692 ΙΙ,
359 648 433 687 19.

307 696 542 745 Patronus
569 693 747 746 indicit.
789 697 864 748 Cl.
887 698 1137 761 Morabin‚
1170 700 1414 760 emendat,
1438 714 1524 762 pa-

246 777 403 814 trono:
425 763 501 811 Cl.
517 762 572 810 de
592 765 637 812 la
656 764 927 833 Monnoye‚
944 767 1169 828 patronis·
1185 766 1325 815 Forte
1343 782 1496 814 tamen
1512 804 1527 827 ,

243 831 303 879 ob
336 830 582 878 verborum
616 848 896 899 compagem
916 871 929 893 ‚
967 851 1068 901 quae
1112 834 1186 881 vix
1214 836 1524 881 mutationem

244 898 415 964 patitur
445 935 457 958 ‚
503 897 619 944 nihil
662 896 739 945 hic
776 916 955 964 peccat.
1019 900 1109 948 Sed
1146 916 1400 964 patronus,
1445 901 1527 966 qui

241 959 423 1013 causam
472 966 757 1028 praecipitare
808 967 991 1013 volebat
1023 1004 1036 1025 ,
1076 966 1426 1030 probationibus
1472 972 1518 1013 &

243 1031 423 1079 testibus
446 1067 458 1088 ,
497 1030 623 1095 quasi
643 1030 776 1078 causa
794 1028 893 1079 satis
923 1033 1113 1097 cognita
1131 1070 1144 1092 ,
1180 1050 1266 1082 nec
1287 1033 1530 1097 refragati-2

242 1097 357 1147 tibus
390 1095 612 1159 judicibus
635 1134 647 1155 ,
681 1096 906 1145 silentium
936 1098 1181 1146 indicebat.

314 1160 387 1211 Ac
411 1160 545 1210 alter.
576 1161 773 1210 Mallem
792 1202 804 1223 ‚
836 1179 917 1212 aut
947 1163 1082 1213 alter.
1111 1165 1188 1212 Sic
1209 1166 1334 1211 enim
1363 1165 1530 1231 loque-

245 1230 410 1278 bantur
439 1231 649 1297 antiqui-3
683 1235 727 1278 &
752 1232 975 1296 particula
997 1247 1053 1281 ac
1078 1246 1183 1280 ante
1208 1231 1417 1281 vocalem
1442 1231 1530 1279 ab-

240 1296 483 1345 stinebant.

318 1361 520 1428 Aastftit.
563 1363 742 1413 Contra
768 1363 877 1412 vero
908 1366 1020 1412 olim
1045 1365 1322 1414 auditorium
1353 1363 1530 1430 semper

243 1430 437 1496 plenum
451 1465 465 1488 ,
486 1429 666 1495 semper
683 1448 877 1491 novum,
901 1447 948 1478 ut
966 1431 1158 1478 vidimus
1177 1431 1309 1495 supra
1328 1448 1430 1494 cap.
1453 1448 1541 1491 34⁴

308 1494 367 1544 L⁰
395 1494 603 1560 Bestiam.
656 1494 825 1543 Oratio
864 1497 1106 1545 Ciceronis
1156 1515 1243 1561 pro
1285 1496 1345 1544 L.
1382 1497 1531 1543 Bestia

243 1564 406 1628 periit:
432 1577 616 1621 ceterae,
640 1578 742 1627 quae
765 1559 842 1609 hic
861 1577 1205 1619 memorantur,
1233 1562 1306 1608 vel
1327 1561 1525 1620 mutilae,

245 1629 319 1678 vel
346 1626 542 1675 refectae.
572 1626 688 1676 Una
710 1629 758 1674 in
786 1627 1029 1678 Vatinium
1058 1628 1197 1675 exstat
1224 1628 1418 1691 integra.
1454 1626 1532 1673 De

246 1696 459 1743 oratione
487 1711 575 1758 pro
598 1694 746 1743 Bestia
778 1696 878 1745 vide
906 1694 1189 1745 Ciceronem
1213 1693 1271 1742 ad
1293 1692 1530 1759 Quintum

241 1760 452 1812 Fratrem
475 1762 545 1809 III
565 1800 579 1824 ‚
609 1760 700 1827 Ep.
730 1781 780 1812 2.

313 1897 442 1945 CAP.
475 1892 587 1941 XL.
632 1892 888 1959 Histriones
922 1894 1125 1945 auribus.
1179 1891 1349 1942 Melius
1388 1892 1495 1942 sane
1515 1905 1535 1955 ‚⁴

247 1961 431 2011 auribus
466 1958 718 2022 histriones.

315 2026 558 2075 Pateretur
589 2024 638 2072 Cf
671 2025 811 2089 leges.
847 2025 964 2073 Non
1005 2028 1118 2074 tanti
1149 2024 1233 2073 fuit
1270 2026 1532 2092 reipublicae

247 2094 424 2143 Tiberii
459 2099 505 2140 &
542 2091 647 2140 Caii
679 2091 1009 2140 Gracchorum
1044 2093 1341 2159 eloquentia,
1374 2109 1421 2142 ut
1457 2090 1530 2140 se-

250 2158 431 2209 ditiosas
467 2177 628 2207 eorum
661 2159 787 2225 leges
822 2174 1067 2225 pateretur.

312 2227 419 2276 Nec
443 2225 588 2275 bonae.
610 2223 778 2274 Melius
793 2265 805 2285 ,
825 2243 907 2274 nec
927 2224 1053 2274 bene.
1088 2223 1232 2273 Favet
1259 2223 1346 2272 MC
1365 2223 1532 2275 Varie«

254 2290 401 2354 1862,
428 2295 478 2341 in
502 2310 596 2360 quo
623 2292 812 2358 quidem
832 2290 1076 2358 scriptum,
1104 2292 1234 2341 bonae
1253 2329 1270 2350 ,
1302 2289 1378 2341 sed
1399 2289 1534 2358 supra

249 2358 468 2424 scriptum
488 2397 501 2419 ‚
534 2358 662 2407 bene.

310 2425 419 2474 Tali
449 2425 590 2475 exitu.
632 2424 814 2473 Scelere
843 2424 1043 2472 Antonii
1071 2439 1356 2491 peremptus.
1405 2423 1533 2477 Vide

247 2490 488 2547 Velleium
516 2491 811 2541 Paterculum
833 2491 877 2539 II
899 2530 913 2553 ‚
955 2497 1037 2541 66.

308 2622 433 2676 CAP.
448 2622 583 2674 XLI.
596 2622 938 2692 Quodflcperest
957 2639 1014 2674 ex
1034 2620 1239 2690 antiquis
1258 2625 1540 2695 oratoribus„
