1663 2958
290 179 403 238 370
611 155 700 211 IN
756 128 1248 212 DrALOGuM

283 271 481 324 quarum
496 251 657 301 ultima
675 252 861 317 largitus
880 251 943 298 est
957 252 1154 299 οᾶοηος
1173 266 1350 312 aureos,
1370 249 1569 304 Gallicae

284 336 477 374 monetae
496 318 650 369 >libras
680 323 788 366 168.
829 316 1104 385 Numquam
1136 335 1271 366 antea
1299 319 1422 368 tanta
1447 320 1569 369 libe-

283 391 464 440 talitate
500 386 696 436 donatus
730 385 876 433 fuerat
909 386 1111 450 populus
1148 384 1388 434 Romanus
1410 424 1424 447 ,
1461 388 1570 436 teste
1653 423 1656 430 .

285 456 449 506 Dione
470 493 484 516 ,
517 454 609 502 loc.
635 454 710 502 cit.
754 450 865 516 Qua
887 453 983 514 ejus
1011 450 1327 501 observatione
1351 452 1572 501 demons-
1645 481 1659 509 «γ

288 537 462 580 tratur,
506 519 634 576 quod
671 519 779 567 ante
815 521 1112 579 monuimus,
1151 537 1369 568 numeros
1400 520 1574 569 codicis
1641 539 1655 562 ἢ

288 587 380 638 Ms.
397 578 774 640 Vind⁴obonenfis
806 584 863 634 de
889 587 1041 634 multis
1073 588 1353 653 congiariis,
1394 604 1492 634 non
1516 587 1574 635 de
1651 574 1655 625 3

288 657 432 711 unico
455 693 468 715 ‚
507 653 596 703 esse
629 652 943 719 accipiendos.
997 654 1216 718 Septimae
1247 669 1401 702 autem
1437 653 1574 715 hujus
1655 693 1657 709 2

287 722 571 771 liberalitatis
604 722 830 769 memoria
866 722 1006 768 exstat
1044 722 1092 768 in
1125 738 1320 768 nummo
1354 719 1573 768 Mediceo

288 789 419 855 apud
465 787 880 837 Eminentiffimum
926 787 1106 876 Norisr‚
1151 785 1292 851 Epist.
1337 784 1575 849 Consular.

290 871 496 970 ξέἓῐὲἶ
507 854 672 986 {2132
703 852 965 968 1ANT⁰N
970 851 1579 983 Ιὲἓξᾶνέἶέἑᾋζῖῗῑῗί

292 987 669 1038 BERALITAS
695 985 862 1038 AVG.
881 985 994 1036 VII.
1038 984 1201 1034 Postea
1235 984 1340 1034 cum
1376 985 1447 1032 Μ.
1466 986 1578 1034 An-

292 1057 481 1104 toninus
519 1052 664 1102 filium
699 1051 827 1102 suurn
868 1052 926 1103 L.
969 1052 1214 1101 Aurelium
1254 1051 1578 1101 Commodum

288 1123 476 1236 {inperii
507 1119 769 1235 c}l]{o1{1t'e'n11‘
793 1117 963 1198 feciffet
984 1157 996 1180 ‚
1027 1118 1391 1232 novam-addfi-dit
1408 1119 1581 1234 liberas-

311 1205 466 1237 itatem
493 1226 505 1248 ‚
562 1206 585 1236 e
689 1206 719 1235 11
761 1206 805 1236 ui
829 1204 1054 1248 nomme,
1086 1202 1134 1235 ut
1171 1203 1267 1248 ejus
1320 1203 1432 1233 avor
1460 1203 1534 1234 cre
1555 1213 1580 1223 -

291 1272 428 1304 ceret.
479 1254 592 1303 Inde
617 1256 664 1302 in
690 1272 885 1302 nummo
914 1251 1170 1302 Commodi
1197 1250 1344 1302 COS.
1369 1252 1432 1302 ΙΙ.
1468 1252 1578 1305 TR.

288 1321 344 1371 P.
363 1322 429 1375 V.
455 1321 578 1370 LIB.
600 1320 765 1373 AVG.
790 1320 838 1370 id
865 1322 927 1370 est
944 1359 958 1382 ‚
987 1318 1240 1369 liberalitas
1264 1317 1478 1386 Augusti.

361 1454 433 1503 M.
486 1451 831 1502 AURELIUS
886 1449 1291 1500 COMMODUS
1341 1448 1579 1520 congiaria

292 1521 419 1571 dedic
452 1519 610 1583 populo
645 1517 858 1567 denarios
900 1517 1161 1582 ocflingenos
1197 1517 1537 1582 quinquagenos
1560 1555 1579 1579 ,

293 1588 492 1638 Gallicae
511 1601 708 1633 monetae
729 1585 864 1632 libras
889 1592 976 1644 651
1001 1622 1014 1644 ‚
1039 1582 1128 1631 Ms-
1144 1583 1420 1634 Vindobon.
1447 1581 1580 1631 Οᾶο
1648 1582 1650 1584 ’

292 1657 391 1717 ejus
410 1654 700 1702 liberalitates
727 1654 775 1699 in
794 1653 995 1699 nummis
1018 1666 1337 1699 memorantur
1347 1668 1362 1712 3
1383 1666 1581 1717 quarum

291 1723 449 1772 multae
477 1720 602 1768 fuere
632 1717 921 1768 denariorum
947 1732 1235 1767 centenorum
1262 1715 1582 1783 quadrageno—

288 1806 416 1853 rum,
437 1786 632 1835 Gallicae
650 1801 849 1833 monetae
870 1785 1089 1832 librarum
1109 1788 1197 1832 108
1212 1822 1225 1844 ,
1242 1784 1339 1832 Dio
1354 1782 1578 1845 LXXII,

287 1873 402 1922 pag.
426 1858 536 1913 825.
567 1853 681 1900 Inde
701 1853 902 1916 explices
923 1850 1228 1917 emendesque
1247 1849 1576 1915 Lampridium

285 1929 339 1973 in
365 1918 636 1971 Commodo
657 1957 670 1980 ‚
695 1935 798 1985 cap.
819 1925 895 1966 16.
935 1917 1232 1983 Congiarium
1255 1914 1379 1964 dedit
1394 1914 1575 1978 populo,

274 1986 483 2055 singulis
535 1984 749 2034 denarios
786 1984 1084 2049 septingenos
1132 1983 1320 2032 vicenos
1375 1981 1536 2048 quinos
1557 2018 1574 2041 ,
1640 2044 1642 2047 Ι

292 2054 489 2104 Gallicae
515 2068 712 2101 monetae
744 2052 880 2099 libras
920 2058 1029 2109 564.
1076 2051 1390 2116 Congiarium
1430 2066 1577 2115 gene-

289 2125 426 2172 ratim
449 2119 786 2186 universimque
818 2119 980 2166 dicitur
1000 2156 1012 2178 ‚
1040 2134 1126 2165 nec
1146 2119 1334 2164 unicum
1356 2116 1419 2163 est
1437 2117 1577 2164 intel-

287 2188 528 2256 ligendum
552 2226 565 2248 ‚
604 2186 732 2254 quod
761 2203 858 2233 non
887 2183 1077 2232 advertit
1107 2183 1304 2232 eruditus
1333 2182 1574 2231 Reimarus

288 2258 340 2306 in
365 2255 505 2305 Notis
537 2253 596 2302 ad
626 2254 854 2302 Dionem.
899 2250 1121 2300 Praeterea
1144 2249 1249 2299 crim
1273 2250 1381 2297 octo
1404 2249 1575 2298 libera-

287 2323 437 2372 litates
456 2321 627 2370 dederit
646 2318 938 2370 Commodus
951 2357 964 2379 ,
983 2335 1232 2384 earumque
1249 2317 1413 2365 multas
1432 2315 1577 2365 dena·-

290 2391 469 2438 riorum
489 2404 589 2437 CXL
607 2427 619 2448 ‚
645 2404 861 2435 numeros
882 2385 1050 2433 codicis
1066 2383 1156 2432 Ms.
1170 2381 1579 2443 Vindobonenfis,v

291 2457 435 2522 quam
455 2454 716 2520 Lampridii
736 2493 749 2514 ‚
785 2452 1117 2518 probabiliores
1139 2449 1424 2498 crediderim.
1459 2445 1575 2502 lifa-

293 2541 395 2572 rum
422 2539 575 2572 autem
601 2523 709 2569 octo
731 2520 1051 2569 liberalitatum
1080 2534 1295 2565 nummos
1321 2515 1423 2563 vide
1449 2513 1573 2579 apud

295 2587 593 2653 Harduinum
613 2628 625 2650 ,
645 2588 758 2636 ibid.
780 2605 890 2654 pag.
907 2603 1021 2649 793.
1047 2585 1236 2650 Septem
1257 2599 1431 2632 tantum
1456 2580 1575 2629 libe-

288 2657 488 2707 ralitates
505 2655 774 2707 numerabat
789 2653 865 2705 Cl.
880 2653 1090 2706 Vaillant
1103 2691 1117 2715 ‚
1135 2654 1224 2701 loc.
1241 2654 1314 2701 cit.
1328 2665 1438 2718 pag.
1458 2656 1570 2705 246.
