1663 2958
201 132 523 197 D1Arocus
571 160 642 197 DE
688 137 1124 209 ORATOans,
1220 173 1329 234 145

56 248 202 311 qus
239 232 384 306 effe,
427 260 542 295 non
581 259 642 297 ut
673 240 961 304 rhetorum
997 246 1194 309 scholis
1229 252 1334 312 de·-

59 312 402 389 clamarent,
437 342 540 378 nec
570 342 631 379 ut
658 322 797 384 fietis
816 373 831 396 ‚
870 351 971 387 nec
1006 331 1121 390 ullo
1153 336 1333 395 modo

53 396 131 454 “ad
158 399 451 457 veritatem
479 404 871 467 accedentibus
894 458 910 482 ‚
945 419 1332 480 controversiis

57 477 308 560 linguam
340 483 513 541 modo
539 493 596 544 ὃ(
619 511 820 547 vocem
849 515 1169 558 exercerent
1187 549 1204 572 ‚
1231 501 1332 563 sed

56 582 116 620 ut
133 561 216 619 his
240 565 446 623 artibus
472 572 660 648 pestus
680 571 984 654 implerent
1001 626 1017 650 ,
1043 581 1101 639 in
1124 585 1328 662 quibus

55 643 125 703 de
154 644 311 703 bonis
342 671 401 719 ac
428 649 588 708 malis
612 700 630 725 ,
674 653 746 713 de
779 657 1009 722 honesto
1043 686 1102 720 ac
1135 669 1279 748 turpi
1303 716 1326 742 ,

53 725 123 785 de
155 730 293 807 justo
321 739 377 789 δε
407 731 604 811 injusto
634 735 956 819 disputatur.
1003 747 1132 803 Haec
1165 751 1324 811 enim

51 811 124 869 est
146 814 351 871 oratori
375 813 615 894 subjecsta
639 820 708 880 ad
732 821 1036 883 dicendum
1066 834 1319 895 materia.

18 899 20 908 '
50 893 196 958 Nam
222 895 280 952 in
312 897 526 975 judiciis
549 898 667 964 fere
695 903 766 962 de
793 908 1048 986 aequitate
1070 959 1087 982 ‚
1123 914 1181 971 in
1214 915 1318 975 de·-

47 973 467 1038 liberationibus
489 982 558 1041 de
577 983 858 1047 honestate
877 990 1135 1067 dicimus,
1160 998 1235 1056 ita
1253 1021 1317 1060 ut

44 1057 376 1141 plerumque
405 1064 514 1122 haec
540 1065 652 1146 ipsa
676 1069 918 1130 invicem
950 1076 1316 1143 misceantur:

43 1141 118 1200 de
160 1144 360 1222 quibus
400 1148 618 1227 copiose
643 1197 660 1222 ,
707 1161 764 1213 &
803 1156 987 1227 varie,
1026 1167 1084 1218 &
1122 1168 1320 1224 ornate

35 1247 216 1283 nemo
266 1227 450 1287 dicere
496 1235 671 1312 potest
691 1282 708 1307 ,
757 1237 856 1295 nifi
903 1241 1000 1319 qui
1046 1249 1315 1325 cognovit

42 1327 297 1379 naturam
333 1311 638 1371 humanam
668 1363 683 1387 ,
732 1326 791 1376 &
837 1321 956 1379 vim
1000 1325 1311 1404 virtutum,

37 1391 480 1474 pravitatemque
509 1398 776 1457 vitiorum
801 1449 819 1473 ,
866 1412 922 1462 &
955 1405 1310 1473 intellectum

0 1479 1 1546 J
39 1494 236 1532 eorum
259 1522 275 1546 ,
310 1499 430 1556 quae
455 1502 557 1537 nec
582 1481 640 1538 in
668 1483 961 1546 virtutibus
982 1537 998 1561 ,
1037 1515 1220 1574 neque
1246 1498 1306 1557 in

39 1555 185 1614 vitiis
215 1557 594 1622 numerantur.
646 1568 721 1622 Ex
748 1567 830 1625 his
856 1568 1104 1632 fontibus
1129 1579 1304 1639 etiam

33 1635 131 1696 illa
155 1641 434 1720 profluunt
457 1691 473 1714 ‚
509 1666 567 1702 ut
592 1645 804 1706 facilius
829 1652 970 1710 iram
996 1657 1193 1735 judicis
1213 1663 1303 1723 vel

30 1719 256 1802 instiget
283 1771 299 1793 ‚
344 1725 432 1784 vel
469 1725 679 1801 leniat,
727 1733 823 1810 qui
860 1733 958 1794 scit
994 1742 1131 1817 quid
1174 1746 1299 1824 ira3

19 1804 346 1886 „promptius
398 1808 470 1865 ad
525 1811 939 1876 miserationem
995 1822 1250 1909 impellat
1280 1877 1298 1900 ‚

18 1886 132 1966 =:·qui
160 1885 258 1946 scit
288 1889 426 1968 quid
455 1890 518 1949 fit
548 1894 922 1958 misericordia
950 1950 965 1973 ,
1011 1914 1067 1964 <Sc
1095 1911 1298 1989 quibus

28 1969 205 2029 a'nimi
232 1972 477 2030 motibus
511 1980 835 2043 concitetur.
888 1988 951 2042 In
977 1988 1058 2046 his
1090 1996 1297 2053 artibus

14 2053 622 2139 inexercitationibusque
654 2064 891 2124 versatus
922 2092 1107 2131 orator
1127 2123 1144 2147 ‚
1188 2076 1297 2137 sive

24 2135 175 2215 'apud
223 2135 445 2196 infestos
475 2188 490 2211 ,
539 2141 644 2202 {ive
687 2148 832 2227 apud
875 2154 1141 2231 cupidm,
1189 2159 1300 2219 five

9 2218 175 2297 apud
210 2219 522 2282 invidentes
549 2273 563 2296 ‚
608 2226 714 2287 five
750 2232 894 2309 apud
929 2237 1098 2296 tristes
1125 2288 1140 2311 ,
1185 2241 1293 2303 five

29 2300 175 2380 apud
200 2304 461 2364 timentes
484 2307 789 2369 dicendum
819 2315 1105 2394 habuerit,
1136 2345 1297 2385 tene·-

14 2379 112 2442 rbit
151 2384 387 2450 habenas
425 2391 783 2456 animorum:
823 2407 881 2456 &
917 2424 1078 2478 prout
1114 2409 1293 2486 cujus-

14 2485 136 2544 =que
156 2487 347 2526 natura
364 2474 657 2550 postulabit
673 2526 688 2549 ,
712 2479 1003 2543 adhibebit
1029 2511 1285 2565 manum,

19 2555 86 2613 ὃς
124 2553 459 2632 temperabit
497 2561 811 2622 orationem
834 2613 852 2639 ‚
893 2591 1083 2651 parato
1128 2578 1287 2639 omni

162 2636 316 2698 Tom.
364 2641 466 2699 VI.
1069 2657 1124 2717 G
