1663 2958
411 194 474 262 D
519 223 539 260 1
585 220 626 259 A
669 214 698 258 r.
751 221 788 259 o
835 221 868 260 G
915 218 960 261 ι’.-
1196 214 1324 284 “159⁸

43 317 122 368 he
156 320 249 362 eos
273 301 509 382 quidem
543 322 736 359 movet
762 300 1022 360 novitatis
1053 307 1110 360 &
1136 304 1325 361 tenui-⁶

52 387 179 444 tatis
201 384 303 444 suae
329 383 681 441 conscientia.
723 386 954 458 Quanto
978 385 1100 465 quis
1128 384 1327 446 obscu-

53 470 203 539 tior,
243 468 398 524 tanto
426 466 499 524 est
525 467 890 545 arrogantior.

141 556 192 607 8.
237 551 303 605 IN
341 549 440 606 hac
478 547 613 606 mali
639 547 857 606 summa
886 549 1114 608 unicum
1141 548 1332 632 supera

56 651 171 693 erat
209 629 552 703 subsidium,
593 628 754 690 fame
789 632 1117 713 periculum.
1177 637 1331 694 Leve

53 713 198 776 illud
214 723 269 774 &
291 736 605 774 extremum
627 713 933 796 praefidium
954 713 1184 797 infregit
1201 719 1336 775 Lar-s

53 799 178 880 gius
198 798 463 856 Licinius
510 801 557 856 Is
581 820 890 868 en11n‚ne
916 795 1067 856 fama
1100 798 1284 857 foret
1270 822 1335 859 m

58 882 330 962 ancipiti,
383 881 593 962 primus
642 880 921 940 auditores
973 882 1335 962 corrogavit,

54 986 240 1048 ⁴pretio
271 965 527 1057 implevit
559 962 852 1036 subsellia,
886 965 1105 1047 ingenti
1130 987 1338 1023 corona

59 1046 115 1106 se
138 1050 373 1107 accinxit
399 1094 415 1120 ‚
461 1046 710 1106 infinitos
745 1012 1016 1107 clainores
1050 1048 1343 1108 ςοηεὶιυζὶιτέ.Δ

61 1133 223 1206 Quos
260 1154 390 1189 cum
422 1128 675 1190 audiiffet
702 1131 993 1189 Domitius
1016 1129 1158 1190 Afer
1180 1177 1196 1202 ‚
1246 1129 1341 1189 fo«

59 1213 216 1272 tense
237 1213 533 1272 artificium
552 1212 768 1295 periiffe
785 1213 1131 1273 exclamavit.
1151 1214 1342 1274 Perire-

63 1297 299 1376 quidem
334 1317 612 1378 coeperat,
651 1320 798 1354 nunc
837 1319 969 1356 vero
1003 1298 1172 1378 prope
1206 1294 1340 1355 fun-

64 1380 213 1438 ditus
246 1380 571 1438 exstinctum
598 1388 653 1438 ὅ(
680 1377 931 1438 eversum
966 1381 1058 1438 est.
1112 1381 1263 1437 Nam
1299 1376 1340 1435 fi

66 1485 266 1545 paucos
307 1463 582 1545 exceperis
611 1509 626 1533 ‚
675 1484 813 1542 quos
855 1460 1065 1522 excelsa
1107 1484 1266 1522 mens
1310 1484 1342 1520 a

64 1546 386 1606 liberalibus
439 1544 787 1626 honestisque
840 1546 1027 1604 studiis
1081 1546 1341 1605 nondum

66 1631 327 1701 retraxit,
374 1651 584 1689 ceteros
620 1652 818 1688 omnes
851 1628 1155 1708 sequuntur
1181 1629 1342 1688 audi-

67 1733 254 1785 toreS,
289 1713 565 1772 actoribus
592 1710 837 1783 fimileS,
883 1712 1144 1771 conducti
1170 1720 1228 1772 &
1251 1734 1341 1772 re-

69 1796 290 1898 dempti
321 1819 481 1853 manc
488 1798 617 1877 ipeS.
664 1795 1066 1853 Convenitur
1054 1817 1113 1853 in
1154 1794 1347 1855 media

70 1878 219 1938 basil
209 1902 329 1950 ica,
374 1879 468 1938 ubi
495 1902 610 1937 tam
637 1878 820 1960 palam
847 1875 1133 1960 sportulae,
1170 1902 1346 1959 quam

69 1962 131 2024 in
153 1964 251 2021 tri
243 1962 396 2021 linio
424 1962 643 2021 dantur.
670 1963 746 2020 Ex
762 1961 1007 2042 judicio
995 1984 1053 2019 m
1069 1961 1345 2043 judicium

68 2047 188 2129 piri
227 2046 487 2106 mercede
533 2044 805 2104 transitur.
876 2044 1066 2104 Graeca
1109 2045 1348 2125 quidem

73 2129 383 2211 Larinaque
414 2129 604 2211 lingua
639 2150 852 2187 tantam
888 2127 1205 2188 foeditatem
1240 2152 1347 2188 no*

75 2215 345 2273 tavimus·
334 2260 350 2291 ‚
388 2223 481 2284 δε,
508 2213 582 2270 ob
603 2236 811 2271 novam
836 2209 1162 2283 infamiam,
1187 2213 1347 2272 novi-s

77 2298 401 2378 excogitatis
449 2260 774 2354 nominibus
799 2342 815 2367 ,
865 2302 1114 2369 σοφοκλεις
1140 2294 1265 2354 illos
1291 2304 1351 2356 δε

79 2383 386 2439 [audie-enos
416 2379 693 2438 irrisimus,
733 2378 953 2454 Quibus
984 2399 1172 2437 tamen
1198 2386 1350 2458 jocu-

83 2461 286 2522 laribus
331 2464 572 2523 dicteriis
610 2463 811 2522 vitium
847 2485 962 2520 non
1001 2461 1350 2540 sustulimus3

83 2543 179 2604 sed
204 2594 218 2617 ,
252 2548 406 2627 quod
430 2547 598 2628 vulgo
619 2546 936 2627 contingit,
965 2544 1352 2609 celebritatem

81 2629 460 2716 fiduciamque
485 2632 537 2696 ei
527 2596 902 2692 Oaddidimus.
