1700 2984
271 131 305 183 8
449 125 1003 189 C.C0RNE1,11
1059 128 1361 196 TAc1-r1-

279 225 515 308 Alpium
540 229 810 291 inacceffo
838 256 900 291 ac
933 232 1199 315 praecipiti
1225 234 1433 294 vertice
1454 248 1560 292 *msa

280 330 366 369 tus
383 359 398 383 ,
426 311 653 371 modico
668 315 842 386 flexu,
866 317 926 374 in
941 317 1321 377 Occidentem
1339 316 1525 376 versus
1537 363 1559 389 ,

278 392 722 475 septemtrionali
757 401 996 459 Oceano
1031 399 1310 460 miscetur.
1357 401 1562 460 Danu-e

277 472 401 536 bius
428 525 445 549 ,
496 479 658 539 molli
703 490 760 542 δέ
801 482 1112 543 clementer
1154 485 1309 543 edito
1350 483 1562 542 montis

279 558 535 619 Abnobae
551 569 687 647 jugo
706 563 905 625 effusus
921 613 937 638 ,
957 565 1139 648 plures
1158 566 1392 650 populos
1410 567 1566 637 adit,‘

280 643 463 702 donec
507 643 566 703 in
605 650 906 712 Ponticum
952 673 1107 709 mare
1151 650 1241 710 sex
1287 650 1567 709 meatibus

284 749 581 810 erumpat:
627 731 934 815 septimum
971 734 1128 794 enim
1170 758 1231 793 os
1269 733 1567 818 paludibus

284 811 552 871 hauritur.
1593 868 1597 871 .

374 898 444 955 ΙΙ.
488 900 700 957 Ipsos
749 902 1067 960 Germanos
1113 900 1407 982 indigenas
1452 920 1575 958 cre-

290 978 537 1038 diderim
564 1030 581 1055 ,
637 983 989 1065 minimeque
1035 984 1269 1042 aliarum
1315 983 1571 1067 gentium

291 1063 624 1124 adventibus
654 1075 710 1126 &
740 1066 992 1149 hospitiis
1023 1068 1228 1126 mixtos
1256 1092 1268 1124 t
1307 1067 1438 1148 quia
1472 1089 1578 1126 nec

290 1145 437 1206 terra
464 1147 605 1205 olim
626 1195 642 1221 ‚
683 1147 780 1209 sed
821 1149 1069 1210 clastibus
1111 1150 1534 1210 advehebantur
1559 1196 1578 1222 ,

293 1231 392 1313 qui
413 1253 629 1291 mutare
648 1229 802 1293 sedes
820 1234 1175 1315 quaerebant3
1198 1231 1582 1293 &immensus

295 1313 442 1374 ultra
465 1363 481 1383 ,
517 1336 691 1396 utque
714 1316 783 1375 fic
811 1318 1052 1377 dixerim
1075 1365 1091 1390 ‚
1114 1316 1371 1377 adversus
1394 1318 1584 1376 Ocea-

299 1421 401 1457 nus
434 1401 564 1458 raris
601 1400 671 1459 ab
709 1400 846 1461 orbe
885 1403 1070 1459 nostro
1108 1402 1340 1461 navibus
1380 1400 1584 1459 aditur.

299 1483 444 1558 Quis
481 1486 648 1567 porro
674 1530 690 1557 ,
729 1505 924 1567 praeter
951 1484 1264 1565 periculum
1290 1484 1504 1543 horridi
1529 1493 1588 1544 δέ

300 1567 486 1646 ignoti
515 1567 682 1626 maris
703 1614 719 1639 ,
748 1567 875 1626 Αίίἃ
894 1615 910 1640 ,
940 1587 1034 1626 aut
1055 1565 1248 1626 Africa
1267 1613 1284 1638 ,
1311 1588 1404 1626 aut
1427 1566 1591 1626 Italia

304 1648 534 1723 relieta,
578 1651 952 1710 Germaniam
979 1655 1239 1733 peteret?
1277 1649 1593 1710 informem

310 1733 505 1806 terris,
546 1732 796 1816 asperam
840 1733 972 1794 caelo
1002 1782 1019 1806 ,
1063 1734 1275 1793 tristem
1318 1733 1473 1794 cultu
1508 1732 1593 1793 as-

310 1821 589 1899 pe6kuque
609 1863 626 1888 ‚
654 1816 756 1875 nisi
775 1816 814 1875 fi
833 1818 1008 1901 patria
1025 1816 1107 1877 fit.
1142 1816 1455 1877 Celebrant
1479 1839 1597 1877 car-

309 1900 562 1960 minibus
589 1902 831 1983 antiquis
869 1906 886 1981 (
910 1901 1065 1984 quod
1092 1924 1271 1961 unum
1297 1901 1443 1984 apud
1468 1900 1597 1960 illos

312 1985 603 2045 memoriae
623 1992 679 2046 δε
700 1986 986 2046 annalium
1004 2008 1178 2068 genus
1192 1987 1293 2064 est)
1318 2013 1352 2038 cc
1366 1985 1597 2044 Tuisto-

314 2092 497 2129 :nnem
540 2068 714 2129 deum
744 2117 760 2142 ‚
808 2069 952 2130 terra
998 2069 1214 2130 editum
1241 2117 1257 2141 ,
1308 2076 1366 2128 ὃς
1414 2068 1600 2127 filium

315 2155 650 2214 noMannum
676 2201 692 2226 ,
727 2154 1010 2238 originem
1040 2153 1218 2235 gentis
1249 2151 1601 2212 conditores-

316 2260 491 2319 mque.
554 2238 780 2298 Manno
832 2259 942 2298 tres
987 2238 1131 2297 filios
1177 2234 1469 2319 adsignant
1503 2282 1519 2308 ‚
1569 2258 1603 2297 e

316 2344 609 2402 mquorum
667 2322 995 2382 nominibus
1055 2320 1297 2403 proximi
1360 2321 1601 2379 Oceano

318 2408 689 2487 mlngaevones
714 2454 730 2479 ‚
774 2406 952 2466 medii
1001 2405 1341 2464 Hermiones
1370 2450 1386 2476 ‚
1429 2403 1603 2463 ceteri

322 2491 658 2549 „Istaevones
694 2511 1038 2551 vocentur».
1087 2487 1342 2563 Quidam
1369 2507 1560 2546 autem
1584 2533 1602 2559 ‚

325 2572 553 2638 licentia
594 2575 872 2636 vetustatis
904 2623 923 2649 ,
973 2601 1005 2625 cc
1028 2571 1210 2659 plures
1260 2571 1368 2635 deo
1411 2590 1560 2633 ortos
1579 2616 1608 2650 ἃ
