1700 2984
415 191 1081 251 GERMAN1A;
1299 196 1375 252 43.

107 288 371 358 Sitonum
427 308 619 373 gentes
672 283 1083 342 continuantur.
1172 274 1381 333 Cetera

114 377 317 440 similes
350 420 367 446 ,
421 394 535 432 uno
589 365 855 426 differunt
891 411 908 436 ‚
970 359 1125 441 quod
1170 356 1387 417 femina

117 461 473 523 dominatur:
506 453 565 511 in
589 470 808 510 tantum
829 469 945 504 non
967 443 1142 501 modo
1168 466 1198 500 a
1216 440 1387 499 liber-

117 565 227 606 tate
250 588 267 614 ,
310 537 406 599 sed
443 537 616 596 etiam
654 557 686 592 a
722 531 984 595 servitute
1026 526 1389 607 degenerant.

115 627 224 692 Hic
257 621 463 683 Sueviae
502 619 644 677 finis.

198 708 407 769 XLVI.
428 707 470 762 P
486 726 512 761 E
529 726 564 762 u
585 725 614 758 c
633 723 651 758 1
669 720 707 756 N
727 718 763 755 o
780 717 863 755 Ro
884 715 931 752 M
951 739 969 765 ,
992 689 1403 755 Venedorum-

121 815 232 874 que
255 837 272 862 ,
301 798 358 849 &
373 789 692 848 Fennorum
715 779 968 839 nationes
1006 773 1305 836 Germanis
1325 795 1405 830 an

126 873 386 935 Sarmatis
417 868 727 931 adscribam
765 861 1005 921 dubito:
1049 877 1401 939 quamqualn

123 956 351 1019 Peucini
375 1001 392 1027 ,
427 976 566 1034 quos
596 948 830 1032 quidam
852 946 1131 1003 Bastarnas
1153 958 1362 1009 *vocant
1379 984 1402 1009 ,

128 1040 385 1101 sermone
409 1084 425 1110 ‚
458 1036 641 1106 cultu,
675 1031 837 1101 sede,
865 1051 927 1087 ac
962 1024 1300 1095 domicilffl,
1340 1041 1404 1079 ut

128 1122 404 1185 Germani
431 1138 638 1201 agunt:
678 1113 864 1174 sordes
898 1110 1162 1169 omnium
1200 1130 1261 1166 ac
1296 1126 1414 1164 torae

131 1230 233 1290 por
255 1231 267 1263 :
297 1225 588 1288 procerum
614 1197 866 1258 conubiis
895 1194 1080 1252 mixtis
1101 1239 1116 1264 ‚
1143 1186 1408 1250 nonnihil

129 1292 189 1349 in
203 1292 578 1347 Sarmatarum
593 1281 849 1340 habitum
863 1275 1161 1335 foedantur.
1174 1269 1410 1335 Venedi

133 1371 380 1431 multum
404 1391 469 1427 ex
491 1365 741 1424 moribus
763 1379 1060 1422 traxerunt.
1081 1359 1231 1418 Nam
1252 1352 1410 1435 quid-

133 1452 271 1536 quid
298 1453 452 1510 ·inter
488 1448 758 1508 Peucinos
787 1440 1113 1523 Fennosque
1149 1439 1410 1498 silvarum

131 1561 196 1598 ac
239 1535 524 1595 montium
570 1530 800 1613 erigitur
826 1573 843 1599 ,
885 1524 1187 1584 latrociniis
1228 1541 1418 1603 perer-2·

134 1640 278 1681 rant.
322 1617 400 1677 Hi
444 1636 637 1674 tamen
679 1615 826 1672 inter
863 1612 1181 1667 Germanos
1228 1602 1414 1687 potius-

138 1702 454 1765 referuntur
479 1745 497 1771 ‚
541 1697 672 1780 quia
710 1703 767 1754 &
805 1691 1007 1750 domos
1044 1690 1266 1772 fingunt
1292 1735 1308 1759 ,
1354 1695 1414 1745 ὃς

139 1786 290 1858 scuta
321 1785 531 1865 gestant
555 1827 572 1851 ,
609 1787 666 1838 &
705 1776 916 1859 pedum
952 1772 1048 1832 usu
1084 1796 1144 1831 ac
1179 1770 1419 1856 pernici*

139 1891 252 1931 tate
274 1866 547 1949 gaudent3
569 1883 689 1942 quae
711 1859 904 1918 omnia
921 1854 1135 1915 diversa
1150 1852 1425 1914 Sarmatis„

139 1952 266 2014 sunt
298 1998 314 2023 ‚
367 1950 427 2008 in
475 1946 712 2030 plaustro
770 1963 1030 2023 equoque
1082 1935 1417 1999 viventibus,

143 2036 342 2096 Fennis
368 2032 510 2092 mira
534 2027 720 2090 feritas
740 2073 757 2098 ,
780 2024 931 2084 foeda
952 2042 1238 2106 paupertas
1263 2044 1274 2077 ε
1302 2041 1417 2076 non

147 2142 301 2180 arma
331 2163 347 2188 ,
401 2138 517 2175 non
563 2112 736 2192 equi,
778 2132 895 2166 non
937 2127 1204 2190 penates:
1246 2102 1420 2160 victui

147 2202 319 2262 herba
345 2247 360 2272 ‚
405 2196 621 2257 vestitui
674 2192 890 2275 pelles:
935 2190 1117 2249 cubile
1175 2188 1421 2244 humus:

147 2285 264 2347 sola
298 2285 359 2341 in
396 2279 602 2362 sagittis
639 2274 756 2359 spes
783 2323 802 2346 ,
841 2296 973 2354 quas
1009 2269 1196 2353 inopia
1238 2268 1371 2327 ferri
1403 2314 1429 2340 ,⁴

152 2368 349 2428 Offibus
382 2364 646 2445 asperant.
705 2359 982 2436 Idemque
1018 2367 1245 2413 venatus
1275 2352 1431 2410 viros

156 2451 356 2534 pariter
379 2473 439 2507 ac
471 2445 709 2506 feminas
744 2441 858 2500 alit.
910 2437 1103 2497 P‘affim
1140 2436 1292 2495 enim
1333 2456 1425 2491 co<

158 2535 426 2593 mitantur
449 2577 464 2601 ,
487 2548 814 2611 partemque
840 2522 1028 2603 praedae
1053 2539 1263 2602 petunt.
1301 2518 1433 2575 Neo

158 2615 311 2678 aliud
373 2611 678 2673 infantibus
739 2607 988 2669 ferai-um
1043 2602 1431 2682 imbriumque
