1700 2984
414 153 1080 211 GERMANrA.
1315 169 1393 233 ¹7,

121 267 414 334 'tamquam
443 249 646 309 scelera
673 250 887 310 ostendi
920 269 1174 331 oporteat
1195 297 1212 322 ‚
1251 249 1394 311 dum

125 339 468 422 puniuntur,
510 332 717 412 flagitia
749 333 1029 393 abscondi.
1077 334 1186 395 Sed
1221 341 1278 394 ὃ(
1310 334 1395 394 le-

124 419 369 482 vioribus
422 414 637 475 delictis
676 463 694 488 ,
749 438 850 499 pro
902 417 1074 476 modo
1114 466 1131 491 ‚
1183 441 1392 500 poena:

120 522 397 584 equorum
442 520 823 581 pecorumque
868 523 1107 559 numero
1148 501 1393 560 convitffi

121 583 462 645 multantur:
488 603 608 661 pars
634 584 822 641 multae
848 585 964 666 regi
985 631 1000 655 ,
1024 583 1114 642 vel
1139 585 1349 644 civitati
1372 630 1390 656 ‚

120 690 241 753 pars
278 665 376 747 ipfi
409 666 506 746 qui
536 666 851 725 vindicatur
879 713 896 738 ,
941 667 1030 725 vel
1070 669 1395 750 propinquis

123 754 239 832 ej'us
268 747 579 809 exsolvitur.
631 750 922 832 Eliguntur
950 750 1008 807 in
1033 748 1233 809 iisdem
1262 775 1395 810 con-

122 835 261 894 ciliis
299 841 358 892 &
393 832 666 914 principes
696 882 714 907 ,
768 832 867 912 qui
914 839 1034 912 jura
1080 855 1177 914 per
1224 857 1394 916 pagos

118 915 380 997 vicosque
427 914 687 974 reddunt.
761 916 1010 974 Centeni
1059 916 1281 998 singulis
1328 939 1394 976 ex

119 1001 283 1085 plebe
307 999 539 1057 comites
561 1044 577 1069 ‚
612 997 904 1058 confilium
933 997 1093 1058 simul
1123 1010 1179 1060 δε
1206 1004 1392 1059 aucto-

101 1086 246 1143 vritas
272 1131 288 1154 ‚
331 1080 546 1140 adsunt.

201 1167 361 1225 XIII.
411 1166 640 1223 NIHIL
694 1185 884 1232 autem
929 1174 1113 1246 neque
1158 1163 1392 1247 publicae

118 1272 303 1329 neque
323 1247 544 1328 privatae
565 1247 679 1319 rei,
704 1248 804 1305 nisi
827 1250 1028 1306 armati
1052 1270 1243 1329 agunt.
1280 1249 1393 1308 Sed

117 1355 273 1392 arma
309 1330 527 1389 sumere
569 1353 681 1387 non
714 1332 843 1390 ante
875 1332 1139 1411 cuiquam
1166 1332 1339 1390 moris
1371 1377 1390 1403 ‚

117 1415 286 1496 quam
304 1413 492 1471 civitas
506 1409 863 1473 suffecturum
884 1414 1218 1496 probaverit.
1234 1417 1289 1471 T
1293 1437 1394 1473 um

117 1501 178 1557 in
202 1495 320 1577 ipso
349 1495 591 1554 concilio
611 1543 627 1567 ,
667 1497 760 1555 vel
794 1498 1109 1580 principum
1146 1497 1345 1577 aliquis
1371 1543 1388 1569 ‚

115 1580 206 1642 vel
224 1600 377 1660 pater
394 1626 410 1650 ,
431 1578 520 1638 vel
536 1579 879 1659 propinquus
894 1579 1045 1639 scuto
1064 1579 1390 1660 frameaque

114 1672 382 1748 juvenem
406 1681 607 1718 ornant
631 1685 642 1717 :
665 1660 778 1718 haec
796 1662 944 1744 apud
964 1663 1088 1720 illos
1109 1683 1239 1745 toga
1255 1711 1270 1735 ‚
1301 1663 1391 1722 hic

115 1746 326 1831 primus
359 1749 598 1822 juventae
632 1744 846 1803 honos:
882 1766 1009 1804 anre
1045 1746 1150 1804 hoc
1184 1745 1388 1805 domus

113 1851 235 1913 pars
259 1825 563 1898 videntur,
605 1824 739 1886 mox
767 1827 1099 1911 reipublicae.
1151 1828 1388 1910 Infiguis

112 1910 377 1974 nobilitas
405 1957 421 1982 ‚
473 1931 568 1969 aut
615 1933 822 1992 magna
867 1932 1087 1994 patrum
1137 1913 1339 1972 merita
1368 1959 1387 1985 ,

112 1994 374 2080 principis
415 1993 809 2076 dignationem
853 1996 1024 2056 etiam
1066 1994 1387 2056 adolescen-

116 2079 247 2140 tulis
278 2075 582 2158 adsignant.
645 2079 841 2139 Ceteri
881 2079 1275 2139 robustioribus
1323 2104 1385 2139 ac

117 2160 456 2242 jampridem
507 2160 749 2242 probatis
799 2183 1170 2244 aggregantur
1212 2187 1223 2220 :
1281 2186 1386 2223 nec

112 2246 282 2305 rubor
305 2248 449 2303 inter
474 2244 707 2302 comites
735 2243 916 2327 aspici.
969 2246 1187 2303 Gradus
1217 2246 1386 2325 quin-

116 2330 285 2389 etiam
333 2335 390 2387 ὃς
430 2326 542 2408 ipse
582 2328 877 2388 comitatus
924 2328 1128 2399 habet,
1169 2329 1384 2408 judicio

119 2419 231 2491 ejus
259 2457 275 2481 ‚
309 2432 482 2492 quem
511 2409 785 2471 sectantur
809 2436 820 2469 :
858 2434 1176 2494 magnaque
1202 2420 1258 2471 ὃς
1283 2436 1380 2470 co*

119 2495 325 2555 mitum
371 2494 649 2552 aemulatio
677 2542 692 2566 ‚
737 2495 937 2574 quibus
980 2495 1189 2576 primus
1235 2495 1382 2577 apud

114 2577 430 2668 principem
471 2576 630 2637 suum
676 2577 830 2639 locus
853 2601 871 2663 3
921 2586 978 2640 δέ
1018 2578 1332 2663 principum
1359 2624 1382 2655 ,
