1663 2958
190 169 273 213 'ne
328 152 825 215 Onia-romnus
878 150 1119 211 Nom.
1215 172 1329 226 349

126 250 410 302 'Cothurnum
437 252 641 318 vestrum.
684 250 980 318 Tragoedias.

130 318 384 382 Nicostrati
418 318 564 367 robur.
600 318 677 366 De
703 318 965 365 Nicostrato
986 313 1331 376 Quintilianus,

61 379 117 430 In
159 383 209 430 it.
237 383 371 433 Orac.
395 384 438 431 II
460 422 473 443 ‚
507 400 555 439 9.
601 380 886 447 Atfifuerit
914 421 930 444 ‚
967 380 1041 445 qui
1069 378 1332 436 docebitur,

61 446 141 496 ile
161 486 177 508 ‚
213 466 338 513 quem
376 447 676 513 adolescentes
694 449 851 511 senem
882 446 1112 504 vidimus,
1158 445 1331 509 Nicost-

60 526 242 561 tratus:
286 514 487 563 omnibus
517 514 566 563 in
595 529 644 561 eo
676 514 866 563 docendi
888 511 1097 574 partibus
1114 509 1332 574 fimiliter

62 579 510 692 uterumjfficietque
527 577 652 628 illum
672 617 689 638 ,
714 579 858 644 qualis
882 579 954 628 hic
969 577 1098 641 fuit,
1125 575 1333 629 [astando

58 661 247 710 pugnari
284 664 390 711 oque
420 648 532 711 (quo
551 659 729 708 utroque
750 645 993 694 certamine
1009 641 1160 706 iisdem
1180 640 1336 689 diebus

65 710 391 775 coronabatur)
413 711 639 760 invioiurn.
654 710 964 759 Nicostratum
981 725 1166 775 quoque
1181 706 1335 755 laudat

63 774 309 825 Pausanias
334 777 396 837 V,
425 794 479 826 21
504 816 517 838 ‚
548 782 592 824 &
625 794 731 825 eum
757 776 884 825 fuiffe
925 776 1106 840 origine
1137 772 1336 821 Cilicem

61 840 212 889 docet.

130 906 204 955 Ab
240 904 493 961 auditoriis.
535 908 591 958 In
624 909 786 978 quibus
821 907 1065 976 tragoedias
1098 904 1195 954 suas
1218 902 1334 952 Ma-

62 988 214 1022 ternus
245 975 475 1027 recitabat.

137 1037 467 1106 Obnoxiumstt
487 1040 728 1108 offendere.
749 1038 872 1091 Tam
892 1056 1131 1106 poetarum
1146 1077 1160 1100 ,
1194 1034 1335 1104 quam

62 1121 301 1155 oratorum
317 1144 330 1165 ,
366 1107 558 1155 studium
582 1109 837 1156 obnoxium
858 1110 920 1156 est
939 1105 1134 1155 offensae.

129 1169 221 1220 Pro
238 1170 427 1221 Catone.
446 1174 522 1221 De
542 1174 632 1240 qua
655 1174 876 1241 tragoedia
898 1176 990 1235 jam
1012 1172 1183 1220 dicium
1203 1166 1337 1233 supra

61 1252 166 1301 cap.
194 1257 216 1284 2
241 1243 284 1284 &
305 1236 395 1304 seq.
430 1238 637 1306 Vigente
660 1242 856 1306 imperio
878 1278 891 1300 ‚
923 1238 1137 1304 novaque
1154 1234 1337 1298 Vespa-

59 1302 170 1350 fiani
194 1303 334 1350 domo
352 1343 364 1363 ‚
390 1304 511 1353 Cato
531 1345 543 1365 ‚
572 1307 788 1368 libertatis
808 1305 1007 1354 adsertor
1023 1342 1037 1364 ‚
1060 1301 1335 1352 invidiolum

60 1385 156 1416 erat
176 1369 404 1434 tragoediae
426 1389 771 1437 argumentum,
793 1379 837 1418 &
861 1370 1040 1418 offensis
1062 1368 1333 1416 obnoxium.

129 1434 255 1483 Hinc
281 1433 506 1501 ingentes,
541 1436 638 1485 Hic
659 1439 718 1486 ali
757 1437 832 1485 uid
851 1437 986 1485 deest.
1013 1432 1338 1501 Supplendum

59 1516 190 1565 puto,
235 1499 395 1549 Sentio
428 1501 532 1566 quid
556 1454 809 1567 respondleri
837 1502 992 1568 poffit:
1024 1501 1206 1562 placere
1238 1498 1334 1547 haec

60 1580 329 1632 argumenta
355 1587 370 1613 .·
412 1567 517 1616 hinc
542 1568 750 1634 ingentes
773 1585 831 1617 ex·
857 1568 928 1616 his
957 1567 1188 1635 affensum
1224 1563 1331 1612 hinc

61 1630 111 1679 in
137 1630 238 1696 ipfis
260 1628 498 1681 auditoriis
524 1635 746 1697 praecipue*
768 1633 948 1682 laudari
968 1672 986 1692 ,
1023 1631 1072 1682 Cr
1109 1648 1211 1680 mox
1240 1646 1334 1677 om-

61 1695 187 1744 nium
210 1696 495 1759 sermonibus
524 1698 661 1762 ferri.
700 1697 881 1750 Fateor.
939 1698 1005 1747 At
1036 1700 1199 1761 quanto
1229 1694 1334 1758 plus

59 1760 354 1824 celebritatis,
376 1767 501 1811 tanto
518 1763 621 1825 plus
638 1763 842 1830 offensae;
861 1767 986 1814 tants)
1003 1763 1136 1813 ruina
1157 1761 1333 1812 certior·

57 1824 185 1876 Tolle
202 1826 341 1892 igitur
359 1829 523 1892 quietis
543 1827 592 1878 5⁴
594 1830 860 1894 securitatis
880 1829 1227 1894 excusationem,
1244 1834 1332 1875 ἃς.

123 1891 443 1957 Adverfizrium
481 1894 773 1958 superiorem.
843 1896 985 1944 Tolle
1029 1896 1167 1961 igitur
1211 1893 1332 1940 hanc

61 1961 223 2024 quietis
243 1997 254 2018 ,
295 1965 339 2006 &
370 1959 613 2010 securitatis
641 1961 1014 2022 excusationem,
1045 1957 1223 2008 offensa:
1245 1957 1334 2006 sci-

58 2026 164 2072 licet
184 2023 333 2072 mimis
364 2027 618 2076 obnoxium
646 2028 732 2077 effe
752 2046 993 2094 poetarum
1013 2066 1025 2087 ,
1064 2024 1202 2091 quam
1221 2042 1333 2071 ora-

57 2105 208 2138 torum
241 2091 434 2140 studium
457 2132 469 2153 ,
510 2094 613 2141 etim
640 2093 733 2159 ipse
756 2096 834 2142 tibi
857 2094 1002 2143 sumas
1026 2090 1328 2142 adversarium

57 2156 338 2222 superiorem
357 2197 371 2219 ‚
410 2177 464 2208 ac
484 2159 719 2226 Principes
750 2160 972 2209 offendas.

126 2290 252 2338 CAP.
274 2289 359 2337 XI.
392 2291 596 2344 Laudat.
633 2292 800 2342 Melius
827 2292 1030 2342 laudare.

122 2352 182 2402 In
201 2355 386 2405 Nerone
414 2357 667 2421 improbam.
701 2361 920 2425 Improba
945 2358 1039 2406 haec
1062 2360 1109 2405 in
1134 2356 1326 2404 Nerone

60 2422 314 2468 carminum
338 2424 480 2474 studia
502 2465 514 2486 ‚
547 2445 646 2494 quae
666 2426 861 2474 Lucano
894 2423 1079 2490 aliisque
1106 2423 1253 2470 multis
1275 2425 1324 2469 in

59 2487 246 2531 exitium
268 2488 453 2550 ceffere,
474 2496 670 2540 narravit
689 2492 878 2540 Tacitus
894 2493 1069 2540 Annal.
1087 2487 1224 2547 XIV,
1251 2494 1326 2534 16·

58 2550 303 2666 ῙΡΠἿΡΓΓΟἙᾺΞΒ
326 2572 513 2624 quoque
535 2558 741 2608 Neronis
763 2558 910 2611 versus
938 2560 1091 2607 recitat
1110 2553 1324 2605 &irridet

98 2633 143 2664 er
163 2635 228 2665 ius
302 2657 315 2680 ,
344 2639 421 2679 99.
