1663 2958
245 141 812 201 GERMANORUM
858 142 1101 201 Nova·
1216 143 1338 213 269*

50 235 261 298 mominis
285 236 388 286 vicli
400 238 529 302 sunt.
554 271 566 284 .
585 272 597 284 .
621 272 633 284 .
668 236 912 303 O5l0ginta
932 236 1075 286 millia
1095 235 1332 285 Romano-

44 299 160 352 'vrum
184 340 199 360 ,
223 303 532 367 sociorumque
557 340 572 359 ,
609 301 763 349 eadem
790 302 1041 367 tempestate
1067 301 1296 351 trucidata
1316 338 1335 362 ,

67 365 241 416 Antias
260 366 443 431 scribit.
499 365 624 416 Cum
661 366 824 432 Caepio
862 367 993 430 hujus
1031 367 1170 416 cladis
1204 366 1335 416 causa

61 430 207 480 fuisset
229 470 241 492 ‚
264 431 516 495 secundum
539 430 687 494 populi
713 433 906 481 Romani
922 433 1178 498 juffionem,
1218 432 1332 482 Cae-

52 497 211 560 -pionis
226 535 239 556 ,
264 497 390 560 cujus
411 497 662 545 temeritate
683 496 833 546 clades
855 514 1039 561 accepta
1060 513 1183 557 erat,
1215 497 1335 546 clam-

51 561 157 611 ·nati
176 601 192 621 ,
230 561 344 611 bona
362 562 727 626 publicatasunt.
762 564 875 611 Dies
895 602 908 624 ‚
943 582 1038 629 quo
1062 564 1157 612 haec
1178 564 1329 611 clades

62 630 260 695 contigit
293 646 418 675 anno
445 628 588 676 Urbis
622 629 814 675 conditae
839 645 1039 676 Dcxux
1060 667 1077 689 ,
1108 632 1223 677 inter
1249 646 1339 676 ne·-

51 692 196 741 -fastos
242 695 405 741 relatus
443 695 503 741 est
532 732 544 753 ‚
589 694 694 741 teste
731 693 976 741 Plutarcho
1015 697 1063 741 in
1100 694 1332 755 Lucullo,

28 805 29 809 ,
55 776 168 824 pag.
191 775 297 818 510.
330 758 447 806 Uno
469 757 574 807 ante
597 777 721 806 anno
745 759 908 824 Caepio
936 757 1122 818 consul,
1153 761 1330 824 direth

55 824 235 873 Tolosa
254 864 265 884 ,
297 842 419 872 nunc
444 824 682 888 Toulouse‚
718 825 957 874 abstulerat
980 825 1158 890 argenti
1181 824 1331 887 pondo

50 906 236 939 centum
281 888 429 938 decem
472 889 614 938 millia
642 928 657 948 ,
711 890 902 939 Gallicae
945 907 1141 938 monetae
1192 890 1330 938 libras

45 960 310 1016 .7,189‚875
337 994 349 1015 ,
379 956 478 1004 auri
503 955 648 1017 pondo
682 956 942 1018 quindecies
975 956 1123 1005 decies
1153 971 1332 1004 centum

54 1019 216 1071 millia.
239 1022 302 1068 At
318 1039 441 1068 error
461 1023 584 1069 estin
609 1026 703 1069 auri
722 1040 931 1070 numero.
956 1023 1176 1070 Immanis
1199 1023 1324 1069 enim

55 1086 247 1136 summa.
288 1086 642 1134 Emendandum
660 1104 773 1151 puto
796 1091 895 1138 auri
909 1087 1055 1150 pondo
1076 1087 1330 1152 quindecim

55 1152 201 1202 millia
223 1191 236 1210 ‚
258 1152 452 1201 Gallicae
472 1169 669 1201 monetae
689 1153 823 1203 libras
844 1169 1146 1215 14,175‚000.
1164 1152 1326 1207 justin.

52 1217 253 1267 XXXII
272 1257 285 1279 ,
319 1236 362 1282 3.
779 1232 787 1239 ¹

118 1283 287 1344 Populo
314 1284 530 1333 Romano.
565 1282 628 1333 Vi
668 1300 770 1332 ente
796 1284 1044 1349 republica.

120 1348 291 1412 Caesari
311 1348 596 1413 abstulerunt.
622 1301 787 1397 {aesari
807 1351 1018 1414 Augusto
1041 1368 1051 1396 :
1080 1349 1168 1417 qua
1193 1348 1323 1398 clade

0 1420 1 1462 ἓ
51 1413 163 1465 adeo
189 1413 510 1480 consternatum
531 1430 635 1461 eum
661 1413 788 1463 fuisse
797 1413 961 1477 ferunt
981 1453 997 1474 ,
1029 1430 1077 1462 ut
1101 1433 1181 1477 per
1210 1433 1322 1463 con-

0 1478 1 1508 3
47 1480 200 1532 tinuos
235 1477 404 1542 menses
442 1478 581 1528 barba
621 1479 867 1545 capilloque
887 1480 1109 1546 summiffi)
1132 1519 1149 1538 ,
1195 1493 1327 1542 caput

50 1545 275 1597 interdum
297 1545 477 1607 foribus
507 1543 731 1603 illideret,
767 1546 1029 1609 vociferans
1051 1567 1065 1593 .·
1097 1544 1324 1611 ραὶηέἰὶῑὶ

40 1612 177 1664 ’γα-νε
198 1651 212 1673 ,
248 1611 447 1676 legiones
467 1608 637 1659 redde:
679 1609 877 1675 diemque
911 1610 1056 1659 claclis
1085 1610 1329 1676 quotannis

49 1676 241 1727 moeffum
273 1675 474 1724 habuerit
505 1691 557 1723 ac
588 1673 817 1740 lugubrem
837 1714 852 1734 ,
890 1677 1079 1724 Sueten.
1112 1679 1161 1724 in
1194 1677 1323 1742 Aug.

48 1742 235 1791 XXIII.
260 1743 336 1789 De
356 1741 443 1788 hac
463 1741 668 1792 Variana
690 1742 818 1790 clade
838 1742 1009 1789 distum
1031 1742 1129 1791 satis
1147 1742 1326 1799 Annal.

44 1809 68 1857 I
86 1847 99 1869 ,
141 1826 196 1855 10
221 1813 265 1854 &
293 1814 369 1854 61.

109 1872 163 1922 C.
203 1871 401 1921 Marius.
465 1871 564 1921 Tot
606 1872 806 1921 cladibus
851 1877 1052 1938 acceptis
1079 1912 1092 1934 ‚
1130 1873 1320 1936 populus

44 1938 274 1988 Romanus
320 1955 407 1988 non
451 1938 588 1988 alium
624 1937 896 2002 repellendis
939 1940 1085 1988 tantis
1125 1939 1318 2005 hostibus

45 2005 193 2071 magis
229 2003 434 2053 idoneum
472 2003 813 2066 imperatorem,
855 2008 987 2067 qiu-Lm
1023 2004 1227 2054 Marium
1263 2004 1322 2071 est

35 2086 188 2120 ratus.
234 2070 338 2118 Nec
374 2068 482 2118 falsa
520 2070 602 2119 fuit
635 2071 732 2137 spes
764 2071 962 2135 publica.
1020 2070 1201 2134 Quarto
1240 2069 1321 2117 suo

39 2136 307 2196 consulatu,
343 2155 468 2185 anno
503 2136 646 2185 Urbis
685 2136 879 2185 conditae
913 2153 1057 2184 Dct11
1080 2175 1095 2194 ,
1140 2136 1318 2184 Marius

41 2219 171 2252 trans
201 2201 343 2263 Alpes
376 2202 500 2251 circa
529 2203 686 2266 Aquas
717 2201 904 2249 Sextias
925 2240 941 2259 ‚
989 2201 1223 2250 nuncAix
1261 2219 1321 2249 en

40 2267 308 2328 Provence‚
350 2285 447 2316 cum
476 2265 695 2316 Teutonis
736 2266 984 2330 conflixit‚·
1024 2266 1218 2328 amplius
1255 2278 1318 2314 cz:

42 2334 240 2384 millibus
276 2332 455 2399 hostium
487 2333 636 2395 priore
666 2348 718 2382 ac
740 2331 903 2396 postero
936 2331 1006 2380 die
1040 2331 1281 2381 trucidatis
1301 2370 1320 2392 ,

35 2400 234 2466 gensque
254 2399 402 2462 excisa
420 2398 672 2447 Teutonum
688 2438 701 2460 ‚
732 2397 937 2448 Velleius
956 2397 1216 2446 paterculus
1242 2398 1288 2445 II
1305 2436 1321 2459 ,

50 2484 122 2514 12.
173 2464 295 2514 Vide
327 2470 369 2511 ὃς
402 2464 587 2512 Livium
622 2468 670 2512 in
701 2464 920 2528 Epitome
952 2462 1204 2525 LXVIII,
1245 2467 1325 2531 qui

38 2533 105 2578 ait
124 2530 232 2592 caestz
257 2528 435 2593 hostium
463 2529 657 2578 ducenta
678 2529 825 2578 millia
848 2567 863 2587 ‚
891 2545 1020 2591 capta
1058 2529 1322 2595 nonaginta.

29 2595 224 2665 .Quint0
252 2611 405 2645 autem
426 2594 505 2644 suo
537 2594 775 2647 consulatu
799 2613 930 2645 anno
955 2596 1098 2644 Urbis
1130 2596 1325 2654 cond-ita}

1012 2661 1065 2711 M
1103 2662 1152 2725 iij
