1663 2958
162 127 273 189 CN.
317 134 471 193 JULu
524 134 855 186 Asamum
901 138 1113 182 Noim.
1207 147 1313 191 32¹

51 221 258 286 piraticae
274 225 569 293 desperationi
587 263 602 283 ‚
618 227 699 289 qud
715 221 915 289 navigiis
922 233 1101 284 pateret
1116 216 1323 283 acceffics.

56 288 179 339 Vide
201 298 244 338 &
269 294 507 339 Zosimum
527 330 539 351 ,
573 291 673 337 libr.
692 291 740 348 I,
768 292 815 336 in
838 288 919 337 fin.

120 352 261 404 Initio
305 356 488 422 aestcztis.
543 356 680 402 Initio
726 353 924 419 septimae
962 354 1118 402 aestatis
1141 371 1156 414 3
1195 370 1326 403 anno

53 417 198 466 Urbis
245 422 437 471 conditae
482 436 822 469 Dcccxxxvu
847 459 859 481 ‚
900 418 1007 472 Jesu
1039 419 1210 468 Christi
1247 425 1326 478 84.

51 482 192 532 Forte
209 485 422 551 scriptum
444 489 556 535 olim
577 485 708 535 initio
733 501 813 535 Vn
833 487 903 534 vel
911 484 1115 548 septimae
1133 485 1323 551 aestcztis,

54 555 100 596 &
119 568 331 599 numerus
351 554 638 602 librariorum
656 568 807 599 errore
823 551 1050 600 exciderit.
1063 550 1180 600 Haec
1199 554 1327 599 enim

53 615 176 662 aestas
220 634 317 662 non
360 620 520 666 eadem
563 620 626 666 est
660 655 672 677 ‚
726 635 827 680 quae
875 633 1154 665 memoratur
1193 615 1328 683 suprzi.

56 696 160 744 cap.
189 696 266 739 25.
310 680 427 728 Mox
466 682 590 728 enim
620 679 738 726 infr-:i
771 695 873 744 cap.
898 699 972 740 34.
1017 681 1057 727 11·
1075 683 1188 742 sunt
1220 696 1329 745 quos

51 745 255 807 proximo
289 763 405 794 anno
434 784 450 805 ,
488 761 619 794 unam
654 743 872 808 legionem
896 743 1024 807 furto
1061 743 1201 793 nostis
1235 762 1332 811 ag·-

4 820 7 825 ·
52 809 255 876 greffis,
292 810 483 861 clamore
509 808 774 876 debellastis.

124 940 253 992 CAP.
285 940 476 989 XXIX.
515 942 593 992 Ad
629 956 819 991 montem
855 919 1138 1005 Gramfflum.
1187 938 1333 989 Nunc

62 1006 104 1055 le
122 1021 245 1055 mont
271 1006 584 1074 Grantzbaine
613 1044 629 1070 ‚
672 1011 722 1057 in
763 1009 916 1057 Scotia
939 1047 953 1070 ,
996 1009 1334 1074 provinciaque

61 1071 324 1124 Strathern.

127 1137 174 1192 V
177 1138 310 1189 iridis
318 1133 543 1204 ν[ἓίῑείἔίιις.
560 1139 637 1188 Sic
652 1138 877 1206 Virgilius
890 1179 905 1204 ‚
923 1137 1180 1189 AEneid.VI
1194 1176 1209 1199 ,
1225 1155 1334 1202 304.

173 1239 266 1282 Jam
285 1241 453 1293 senior:
473 1241 546 1294 fid
574 1240 695 1282 cruda
723 1239 792 1280 deo
822 1240 1030 1295 viridisque
1049 1238 1243 1292 senchius.

131 1337 233 1387 Sua
258 1337 432 1404 quisbue
457 1337 633 1388 decora.
670 1339 852 1387 Bellicae
876 1340 1047 1386 virtutis
1067 1335 1265 1402 insignia
1283 1351 1340 1383 ae

59 1420 266 1472 praemra.

129 1469 371 1535 Calgacus.
397 1470 451 1517 In
482 1473 622 1519 veteri
653 1476 697 1518 δε
730 1469 937 1518 fabuloso
965 1467 1191 1518 Triadum
1221 1467 1341 1515 libro

63 1537 321 1600 appellatur
347 1535 534 1584 Galatae
565 1553 619 1596 ap
655 1535 911 1585 Liennauc.
940 1533 1184 1583 Fortiffimi
1204 1533 1342 1594 hujus

63 1605 148 1650 viri
179 1604 388 1649 oratione
419 1602 534 1649 nihil
560 1603 839 1666 praestantius
862 1602 998 1650 habet
1028 1616 1124 1648 tum
1146 1597 1342 1658 Graeca,

65 1684 163 1716 tum
201 1668 415 1716 Romana
456 1669 716 1733 antiquitas.
791 1667 973 1716 Omnes
1015 1666 1347 1714 dominationis

65 1733 289 1781 Romanae
322 1749 439 1780 artes
461 1768 477 1790 ‚
515 1736 622 1781 vitia
657 1735 817 1782 omnia
839 1772 852 1795 ,
889 1732 1005 1781 mira
1029 1747 1126 1781 arte
1152 1749 1207 1781 ac
1236 1731 1345 1780 bre-

66 1800 204 1848 vitate
225 1798 287 1846 ibi
316 1800 514 1863 explicat
535 1798 740 1849 TacituS.

132 1933 264 1982 CAP.
287 1930 454 1981 XXX.
493 1931 568 1980 Ira
592 1930 800 1994 praelium
828 1943 963 1996 atque
992 1947 1135 1979 arma.
1172 1930 1229 1978 In
1252 1928 1345 1979 hoc

63 2014 214 2046 rerum
235 1999 346 2045 statu
367 2000 583 2062 proelium
597 2005 641 2045 &
661 2016 788 2046 arma
806 2036 818 2057 ,
842 2016 939 2044 non
957 1996 1148 2045 fortibus
1166 1996 1347 2044 tantum

66 2064 257 2111 honesta
282 2102 295 2124 ,
346 2062 421 2111 sed
459 2064 563 2128 ipsis
605 2066 742 2112 etiam
783 2065 964 2129 ignavis
1007 2061 1256 2111 necessaria
1297 2069 1344 2110 δε

67 2128 278 2180 tutiffima
299 2127 413 2178 sunt.
450 2130 628 2178 Priores
654 2131 982 2177 Britannorum
1005 2146 1202 2195 pugnae,
1236 2131 1343 2196 qui-

66 2197 150 2245 bus
168 2194 380 2244 adversus
399 2196 637 2244 Romanos
659 2194 781 2242 varia
800 2194 984 2243 fortuna
1006 2211 1225 2243 certatum
1248 2196 1310 2242 est
1331 2232 1347 2256 ‚

69 2261 197 2328 spem
232 2263 421 2311 alteram
451 2280 505 2310 ac
534 2260 774 2309 subsidium
807 2259 1001 2326 praesens
1033 2261 1263 2309 habebant
1294 2263 1346 2308 in

71 2330 234 2376 nostris
259 2328 510 2377 civitatibus
531 2367 544 2388 ‚
575 2327 633 2376 ad
657 2345 769 2395 quas
793 2326 1044 2394 confugere
1065 2364 1079 2387 ‚
1116 2329 1164 2374 in
1186 2328 1352 2376 nostris

76 2394 286 2442 manibus
315 2432 328 2454 ,
376 2412 475 2462 quae
519 2394 697 2441 hostem
740 2395 920 2442 vincere
968 2409 1202 2459 poterant.
1244 2391 1351 2441 Nos

75 2461 200 2507 enim
224 2497 237 2518 ‚
270 2461 404 2507 totius
427 2462 667 2508 Britannias
692 2458 949 2507 nobiliffimi
966 2497 979 2520 ‚
1011 2459 1162 2525 eoque
1181 2461 1229 2507 in
1247 2459 1355 2523 ipfis

78 2525 383 2590 penetralibus
401 2565 412 2583 ‚
444 2544 611 2590 nempe
634 2525 961 2593 in4Calecloni31
979 2564 991 2586 ‚
1021 2524 1232 2591 Z'Ecoffe,
1260 2525 1354 2587 siti,

82 2608 169 2640 nee
188 2589 476 2643 servientium
493 2590 737 2645 Gallorum
756 2592 888 2642 litora
904 2591 1186 2659 aspicientes,
1202 2594 1364 2642 oculos

1100 2656 1213 2710 ΟΥ
