1663 2958
257 206 374 282 346
589 190 1234 251 INDrAroeuM

256 294 456 362 nascitur
478 290 732 358 aestimant,
766 304 935 354 praeter
962 288 1090 339 orbos
1118 288 1168 340 Cr
1194 287 1379 340 caelibes
1399 300 1422 348 ,·
1453 291 1552 339 'nee
1654 340 1656 350 ,

254 361 379 415 credi
410 357 548 424 potest
584 359 672 425 quc}
707 356 1007 423 obsequiorum
1045 355 1307 424 divetfitate
1342 355 1608 408 coluntur·
1654 354 1657 404 ἶ

255 428 459 481 homines
473 426 581 492 fine
613 423 768 474 liberis
796 423 969 473 Romae.

322 493 504 545 Novam
529 490 578 541 Εἶτ’
597 505 824 542 recentem
842 507 1012 541 curam.
1045 489 1215 541 Curam
1236 490 1403 539 eodem
1423 487 1560 540 sensu·
1610 523 1617 541 =.

255 560 486 626 usurpavit
503 558 694 608 Tacitus
719 558 894 607 Annal.
914 559 1010 620 ΙΙΙ,
1042 577 1119 618 24.
1141 555 1352 608 Aliorum
1376 557 1563 620 exitus,
1627 580 1633 583 ·

238 626 381 698 simul
405 642 554 676 cetera
578 624 703 675 illius
736 626 889 675 aetaris
916 623 1196 683 memorabo,
1218 623 1268 690 fi
1300 623 1472 692 effecflis
1506 623 1562 674 in.
1615 647 1620 676 i

257 713 356 764 quae
385 692 551 757 tendi,
580 691 736 758 plures
772 691 831 742 ad
864 709 998 743 curas
1029 691 1173 743 vitam
1201 691 1474 755 produxero·

327 828 459 878 CAP.
485 827 598 878 VII.
638 825 790 876 Larus
825 826 1004 877 clavus.
1041 826 1124 880 Jus
1149 824 1382 874 senatoriae
1405 824 1565 892 digni-

264 897 364 945 tatis
386 935 399 957 ,
439 896 569 957 cujus
603 893 784 961 insigne
815 911 910 947 erat
941 896 1055 942 latus
1089 894 1243 942 clavus
1266 933 1278 955 ,
1315 892 1390 941 seu
1424 893 1557 940 vest1s
1583 912 1586 915 ⁴

265 964 367 1012 latis
399 980 454 1011 ex
486 962 691 1027 purpura
719 963 869 1028 plagis
905 960 1128 1010 distincta.
1171 961 1247 1009 De
1281 959 1370 1008 hac
1398 959 1562 1026 digni-

267 1045 356 1079 tate
372 1067 385 1090 ,
423 1027 607 1095 ejusque
628 1029 817 1076 auctore
837 1028 1054 1093 Principe
1072 1066 1085 1088 ,
1103 1028 1281 1075 Plinius
1306 1026 1350 1073 II
1372 1064 1385 1086 ,
1404 1025 1495 1092 Ep.
1512 1043 1562 1083 9.

267 1093 371 1162 Ego
405 1093 550 1145 Sexto
589 1093 731 1143 latum
774 1094 948 1145 clavum
983 1111 1011 1142 a
1047 1093 1228 1158 Caesare
1263 1091 1405 1160 nostro
1427 1131 1443 1154 ,
1483 1091 1588 1158 ego'

265 1159 534 1228 quaesturam
564 1159 847 1225 impetravi:
883 1177 978 1209 meo
999 1159 1228 1227 suffragio
1259 1157 1466 1222 pervenit
1504 1154 1584 1207 ad'

261 1230 343 1295 jus
360 1227 623 1277 tribunatus
641 1227 859 1292 petendi,
880 1244 1009 1293 quem
1024 1226 1108 1294 nifi
1125 1226 1296 1276 obtinet
1313 1225 1363 1275 in
1371 1224 1564 1292 senatu,

264 1312 422 1346 vereor
456 1312 513 1345 ne
549 1293 760 1361 decepzffi3
793 1293 1020 1360 Caesarem,
1050 1291 1225 1344 videar.
1624 1346 1625 1349 ,

332 1361 475 1411 Homo
517 1378 678 1412 novus,
730 1361 877 1424 Cujus
920 1362 1120 1425 majores
1161 1356 1376 1408 nondum
1412 1357 1568 1408 incla-
1611 1400 1614 1403 Α
1654 1361 1655 1367 ’

267 1444 465 1477 ruerant.
1587 1467 1589 1469 .

335 1493 533 1543 Minime
548 1490 813 1555 favorabili.
852 1493 1031 1547 Julium
1065 1490 1365 1551 Secundum,
1392 1489 1565 1548 Curia-
1654 1478 1656 1554 f

266 1563 380 1612 tium
426 1560 694 1608 Maternum
715 1598 730 1620 ‚
768 1564 814 1606 &
849 1560 920 1607 Μ.
953 1560 1140 1624 Aprum
1166 1596 1180 1618 ,
1232 1556 1399 1606 Gallos
1432 1556 1566 1605 fuisse

264 1624 562 1676 manifestum
591 1627 653 1673 est
679 1643 736 1675 ex
773 1642 880 1691 cap.
906 1643 983 1676 10.
1013 1626 1215 1674 Minime
1243 1639 1397 1672 autem
1427 1622 1570 1671 favo·-

267 1693 423 1743 rabilis
462 1695 620 1742 civitas
644 1731 656 1751 ,
702 1691 831 1761 quod
870 1707 966 1742 turn
1002 1709 1146 1759 penes
1186 1691 1430 1740 Romanos
1464 1705 1564 1740 erat
1595 1724 1600 1728 .
1653 1686 1655 1698 ¹

268 1764 420 1809 onmis
439 1759 586 1809 favor.
605 1757 730 1809 Vide
745 1757 879 1825 suprd
894 1760 1204 1809 Ammianum
1217 1757 1568 1820 Marcellinum,

266 1824 411 1877 mod&
444 1827 681 1876 laudatum
716 1843 820 1891 cap.
856 1834 905 1874 6.

337 1892 661 1943 Tribunatum.
697 1892 1012 1943 Tribunatum
1038 1892 1224 1958 plebis3
1255 1907 1304 1941 ut
1341 1890 1477 1960 supra
1514 1897 1588 1945 in*
1652 1888 1655 1923 s

262 1959 377 2015 Vita
407 1960 576 2027 Agric.
612 1977 715 2025 cap.
740 1967 785 2007 6.
1652 1968 1653 1975 ¹

335 2024 674 2077 CentumvirOS.
718 2024 868 2075 Fuere
909 2025 1072 2075 Romae
1120 2027 1309 2093 triginta
1357 2029 1591 2095 quinque*
1650 2049 1653 2085 2

269 2093 406 2142 tribus
428 2112 438 2140 t
474 2111 498 2141 e
528 2092 713 2161 singulis
737 2094 938 2142 tribubus
958 2133 971 2154 ,
993 2110 1079 2143 tres
1099 2095 1185 2141 viri
1207 2094 1526 2159 deligebantur
1539 2113 1558 2158 3
1650 2089 1653 2163 ξ

268 2164 348 2228 qui
367 2158 473 2209 licet
488 2159 640 2209 forent
658 2176 844 2209 centum
865 2168 909 2209 &
962 2163 1135 2227 uinque
1151 2200 1163 2221 ,
1185 2159 1383 2210 rotunde
1406 2177 1561 2210 tamen
1586 2157 1591 2160 ’
1650 2164 1653 2216 ἑ

269 2230 541 2277 centumviri
585 2227 867 2277 dicebantur.
924 2179 1069 2276 {rant
1105 2226 1231 2275 divifi
1273 2228 1323 2274 in
1365 2243 1566 2295 quatuor
1601 2229 1616 2265 f
1650 2233 1652 2284 Ι

273 2294 546 2357 tribunalia,
583 2301 627 2343 &
659 2298 707 2343 in
738 2294 919 2344 basilica
948 2295 1071 2349 Julia
1105 2293 1394 2362 cogebantur
1421 2314 1432 2342 ε
1466 2286 1652 2348 nonu.)

268 2362 324 2410 de
354 2361 478 2410 facio
497 2402 510 2424 ‚
544 2362 618 2411 sed
643 2362 699 2411 de
722 2365 958 2430 aequitate,
994 2368 1038 2410 &
1061 2364 1158 2424 jure
1178 2361 1564 2427 pronuntiabant.
1649 2361 1651 2408 l

269 2427 527 2495 Praecipuas
562 2431 910 2478 centumvitales
937 2428 1090 2477 causas
1120 2427 1323 2476 recenset
1353 2426 1525 2477 Cicero
1549 2465 1566 2489 ‚

268 2495 325 2543 de
357 2495 492 2545 Orat.
528 2497 579 2557 Ι,
617 2501 705 2559 38,
743 2494 932 2547 Jafiare
949 2495 1004 2559 se
1040 2495 1089 2544 in
1126 2492 1270 2560 caufis
1304 2493 1596 2545 centumvi-‘sst
1648 2500 1651 2552 Γ

267 2561 470 2622 milibus,
499 2562 548 2612 in
574 2561 737 2628 quibus
760 2561 1109 2629 usucapionum,
1137 2559 1379 2610 tutelarum
1399 2600 1416 2620 ,
1445 2577 1565 2627 gen-
1590 2571 1591 2574 ’
1648 2559 1649 2586 ³

267 2628 488 2678 tilitatum
515 2668 532 2689 ,
584 2629 882 2694 agnationum
908 2667 924 2689 ,
974 2627 1256 2678 alluvionum
1288 2666 1306 2687 ,
1360 2627 1563 2676 circum·-

268 2691 492 2745 Iuvionum
514 2735 530 2757 ,
573 2713 789 2750 nexorum
811 2736 828 2763 ,
870 2695 1195 2760 mancipiorum
1225 2733 1241 2760 ‚
1280 2692 1511 2757 parietum
1541 2729 1560 2753 ,
1582 2722 1594 2728 —
