1663 2958
205 178 287 215 DE
345 154 841 214 ORATORmUS
900 150 1140 209 ΝοϊΑῑε.4
1229 168 1342 224 371

140 254 195 302 P.
228 252 527 304 HELVIUS
570 248 913 300 PERTINAX
947 246 1186 315 congiaria
1221 246 1348 295 dedic

75 316 286 368 denarios
305 333 517 368 centenos
534 317 868 382 quinquagenos
881 351 896 375 ,
930 313 1123 365 Gallicae
1145 330 1345 361 monetae

73 385 212 432 libras
246 391 336 431 116
354 421 367 443 ‚
402 381 491 429 Ms.
527 381 799 431 Vindobon.
847 381 996 430 Aliter
1029 380 1218 448 quidem
1245 380 1346 427 Dio

75 449 318 510 LXXIII,
340 465 453 514 pag.
477 452 567 510 832
589 484 602 506 ,
628 453 672 493 ὃς
694 447 986 512 Capitolinus
1012 449 1059 494 in
1077 447 1314 495 Pertinace
1330 482 1345 506 ,

73 532 180 581 cap.
204 531 277 576 15,
295 513 571 581 congiarium
585 511 707 560 dedit
720 512 872 574 populo
889 511 1097 562 denarios
1114 527 1347 563 centenos.

76 580 195 630 Non
230 584 290 629 ita
327 597 481 629 tamen
509 596 537 628 a
567 576 655 626 Ms.
675 577 1026 628 Vindobonenfi
1054 578 1313 627 diffentiunt
1333 615 1349 639 ,

77 646 113 696 fi
142 648 384 695 attenderis
422 645 741 710 Capitolinum
779 643 905 709 prius
941 643 1095 693 dixisse
1114 682 1127 705 ,
1159 661 1262 709 cap.
1286 662 1314 701 7
1334 682 1348 705 ,

73 711 295 762 donativa
314 711 364 763 Er
380 709 613 776 congiaria
629 749 644 772 ,
663 727 760 775 quae
775 708 1042 759 Commodus
1055 709 1314 774 promiserat
1328 747 1346 768 ,

59 778 222 845 jblvit.
245 778 432 842 Nempe
451 778 663 826 Pertinax
685 777 975 842 congiarium
994 775 1116 824 dedit
1134 775 1349 824 denarios

75 861 312 893 centenos·
356 844 510 891 Exstat
532 843 627 891 haec
650 843 894 891 liberalitas
915 843 965 888 in
985 858 1178 889 nummo
1198 841 1347 889 Perti-

76 913 221 972 nacis,
241 910 364 960 LIB.
386 908 551 960 AVG.
568 909 678 958 TR.
701 909 752 957 P.
772 906 993 961 COS.II.
1009 906 1350 973 Quinquageni

75 993 230 1026 autem
264 982 396 1025 ceteri
427 975 602 1024 denarii
626 977 672 1023 in
695 973 920 1024 solvendis
943 974 1288 1039 congiariorum
1319 990 1347 1022 a

74 1041 349 1113 Commodo
378 1040 706 1109 promissorum
735 1042 938 1107 reliquiis
970 1038 1170 1106 expenfi.

143 1172 432 1224 SALVIUS
450 1171 478 1224 J
483 1171 790 1221 ULIANUS
809 1173 1026 1222 brevitate
1041 1173 1224 1238 imperii
1240 1187 1350 1218 con-

72 1241 276 1307 giarium
295 1258 392 1288 non
410 1238 554 1287 dedit:
571 1256 629 1286 ne
647 1237 917 1303 promissum
933 1238 1118 1305 quidem
1133 1237 1349 1285 militibus

77 1308 349 1357 donativum
365 1303 699 1372 repraesentavit
717 1323 733 1368 3
757 1305 958 1372 ideoque
972 1303 1251 1353 interfectus.

140 1435 494 1488 SEPTIMIUS
525 1433 823 1485 SEVERUS
851 1433 1084 1502 congiaria
1114 1433 1240 1484 dedic
1271 1432 1352 1482 de-

74 1504 233 1555 narios
266 1503 386 1552 mille
426 1515 639 1550 centenos
670 1538 687 1560 ,
733 1500 928 1550 Gallicae
970 1517 1167 1549 monetae
1213 1500 1352 1549 libras

79 1577 171 1633 855
196 1609 209 1631 ‚
245 1569 334 1618 Ms-
354 1567 629 1619 Vindobon.
667 1566 797 1615 Οξὶο
822 1568 1032 1632 Septimii
1056 1567 1213 1615 Severi
1235 1567 1353 1614 libe-

74 1638 275 1686 ralitates
298 1638 346 1683 in
370 1635 571 1682 nummis
593 1649 908 1681 memorantur
931 1671 943 1692 ‚
984 1635 1089 1681 teste
1113 1634 1195 1684 CI.
1215 1631 1352 1683 Vail-

74 1704 175 1752 lant
193 1741 206 1764 ,
240 1704 334 1750 loc.
356 1702 430 1748 cit.
462 1716 573 1765 pag.
594 1707 708 1757 246.
746 1699 941 1765 Insignis
963 1701 1163 1748 maxime
1190 1701 1319 1747 tertia
1343 1736 1358 1757 ,

78 1766 186 1817 cum
222 1768 404 1832 imperii
443 1765 713 1813 decennalia
753 1766 999 1814 celebraret
1040 1783 1165 1813 anno
1209 1763 1354 1813 Urbis

77 1832 274 1884 conditae
296 1847 544 1880 Dccccrv.
588 1831 716 1880 Plebi
749 1833 874 1880 enim
892 1869 905 1891 ,
943 1848 1045 1897 quae
1070 1831 1352 1880 frumentum

77 1901 318 1967 publicum
348 1896 601 1962 accipiebat
627 1935 640 1956 ‚
681 1903 726 1944 &
750 1898 1033 1961 praetorianis
1051 1935 1066 1958 ,
1102 1896 1245 1945 denos
1273 1914 1353 1943 au-

77 1984 214 2026 reos,
247 1962 448 2013 Gallicae
487 1977 675 2012 monetae
715 1961 856 2014 libras
889 1982 1013 2025 210,
1061 1961 1222 2013 divisit.
1277 1963 1355 2011 Sic

82 2032 239 2082 datum
280 2031 347 2078 bis
389 2030 553 2077 millies
595 2029 880 2092 sestertium,
919 2028 1116 2078 Gallicae
1160 2044 1353 2077 monetae

80 2098 209 2148 librae
241 2101 548 2161 38‚91o,050.
589 2093 863 2162 Numquam
891 2111 1024 2144 antea
1052 2110 1228 2144 tantum
1258 2112 1353 2158 po-

81 2165 215 2230 pulus
234 2165 401 2212 viritim
421 2177 674 2227 acceperat.
711 2163 809 2210 Dio
832 2161 1079 2222 LXXVI,
1105 2178 1218 2227 pag.
1241 2165 1296 2220 85
1305 2177 1353 2216 9.

81 2231 198 2280 Inde
220 2246 372 2280 autem
397 2245 553 2295 patet,
583 2226 710 2295 quod
736 2226 971 2277 observatu
999 2227 1191 2294 dignum
1215 2264 1229 2286 ,
1265 2244 1355 2273 nu-

80 2315 264 2347 merum
299 2296 478 2362 plebis,
513 2312 613 2362 quae
650 2294 928 2344 frumentum
963 2295 1198 2360 publicum
1234 2294 1358 2341 acci·
1436 2321 1439 2324 ·

84 2364 263 2430 piebat‚
299 2366 592 2412 imminutum
624 2359 711 2409 esse
742 2361 798 2410 ab
827 2361 1023 2428 Augusti
1055 2360 1358 2426 temporibus.

87 2430 228 2479 Tunc
261 2432 384 2478 enim
412 2429 565 2488 fuere,
598 2443 645 2476 ut
673 2427 805 2493 supra
828 2428 1021 2476 diximus
1046 2446 1101 2476 ex
1129 2443 1361 2477 marmore

90 2496 347 2561 Ancyrano
376 2533 388 2553 ,
429 2496 569 2560 paulo
604 2495 770 2559 plura,
814 2494 953 2561 quam
986 2494 1231 2543 hominum
1270 2495 1361 2543 du-

84 2577 229 2617 centa
264 2563 437 2619 millia„
465 2560 607 2609 Nunc
644 2559 771 2610 fuere
804 2559 979 2610 tantum
1014 2561 1157 2629 paulo
1189 2561 1360 2628 plura,

99 2625 240 2698 quam
271 2643 454 2678 centum
487 2628 746 2694 nonaginta
781 2628 942 2679 millia.
1056 2691 1109 2759 Q

1142 2711 1186 2756 VJ
