1663 2958
223 163 537 230 DiALoeu‘s
589 189 658 225 DE
708 165 1142 228 ORATomszI
1240 188 1302 244 13
1321 183 1356 244 3·

183 269 375 329 XX11.·
407 268 500 328 An
527 267 869 325 Ciceronem
898 267 1064 326 ven-io
1089 315 1106 340 ‚
1148 267 1241 327 cui:
1263 290 1357 329 ea—

89 348 225 412 dem
250 375 434 433 pugna
456 372 585 407 cum
613 348 911 428 aequalibus
938 348 1043 407 suis
1067 349 1203 423 fui-t,
1235 373 1356 431 quae

89 436 233 494 mihi
274 431 560 491 vobiscum
609 433 699 489 est.
767 430 858 488 Illi
901 433 1055 491 enim
1099 435 1356 514 antiquos

89 515 433 576 mirabantur
457 562 473 587 ‚
507 511 619 595 ipse
641 513 867 572 suorum
892 535 1214 597 temporum
1243 517 1356 576 elo3

88 599 379 680 quentiam
409 596 814 678 anteponebat:
840 620 942 656 nec
964 598 1074 656 ulla
1099 621 1155 659 re
1178 601 1357 683 magis

91 680 341 762 ejusdem
369 681 537 738 aetatis
563 701 809 738 oratores
834 681 1111 759 praecurrit
1133 730 1149 754 ‚
1187 685 1360 762 quam

87 764 313 847 judicio·
338 764 554 822 Primus
579 763 732 822 enim
757 762 997 821 excoluit
1019 766 1358 839 orationem,

81 848 298 930 primus
329 854 387 906 ἃ
415 846 601 906 verbis
633 846 914 904 delectum
954 847 1212 906 adhibuit
1237 895 1254 920 ‚
1300 858 1361 909 ὅτ»,
1418 889 1419 893 =

87 929 480 1013 compositioni
495 951 672 989 artem
691 953 702 986 z
720 929 869 988 locos
885 952 1109 1010 quoque
1125 931 1361 992 laetiores

51 1039 54 1042 ’
83 1015 382 1074 ‘attentavit
397 1063 413 1087 ,
437 1022 494 1073 &
510 1011 777 1093 quasdam
793 1011 1090 1072 sententias
1105 1015 1321 1074 invenit
1339 1039 1359 1095 3

84 1099 279 1177 utique
323 1098 382 1154 in
425 1097 509 1155 his
560 1095 905 1154 orationibus
933 1142 950 1168 ,
998 1120 1130 1176 quas
1172 1096 1359 1157 senior

87 1187 205 1261 jam
246 1189 303 1239 ὃ(
341 1186 491 1258 juxta
530 1178 703 1237 finem
741 1179 863 1237 vitae
901 1178 1214 1261 composuit
1237 1229 1254 1253 ,
1300 1181 1365 1241 id.

89 1266 166 1322 est
190 1306 208 1335 ‚-
250 1264 539 1344 postquam
564 1262 741 1342 magis
765 1259 1074 1342 profecerat
1097 1310 1113 1334 ,
1151 1262 1364 1344 usuque

88 1354 145 1405 &
169 1345 563 1423 experimentis
577 1345 851 1404 didicerat
866 1391 884 1416 ‚
906 1346 1060 1425 quod
1076 1346 1362 1427 optimum

86 1428 314 1488 dicendi
339 1451 510 1510 genus
539 1429 631 1487 est.
677 1429 825 1486 Nam
854 1429 1062 1510 priores
1086 1435 1203 1509 ejus
1235 1451 1362 1489 ora-

87 1513 267 1571 tiones
287 1535 402 1569 non
421 1532 609 1570 carent
626 1511 773 1571 vitiis
790 1512 1132 1592 antiquitatis
1149 1537 1161 1570 1
1178 1512 1363 1575 lentus

86 1598 163 1656 est
195 1596 253 1653 in
282 1596 591 1677 principiiS,
614 1595 812 1676 longus
836 1597 895 1652 in
917 1597 1323 1656 narrationibus
1342 1643 1362 1670 ,

82 1677 288 1738 otiosus
310 1678 451 1736 circa
473 1675 709 1736 excelsus
730 1725 746 1749 ‚
769 1677 922 1737 tarde
946 1701 1361 1753 commovetur,

2 1786 13 1790 ⁸
86 1764 211 1821 rarb
251 1759 530 1820 incalescit
556 1786 567 1818 z
602 1762 761 1841 pauci
782 1759 963 1820 sensus
995 1763 1118 1843 apte
1144 1771 1201 1822 δε
1228 1787 1361 1822 cum

87 1843 338 1927 quodam
357 1844 570 1902 lumine
593 1844 994 1903 terminantur:
1014 1845 1158 1902 nihil
1175 1869 1362 1906 excer-

88 1951 219 2012 pere
240 1976 255 2000 ,
289 1926 432 1985 nihilv
456 1925 662 1986 referre
688 1927 874 2009 poffis:
899 1936 956 1987 &
977 1928 1130 1987 velut
1154 1929 1212 1987 in
1237 1930 1363 1990 rudi

91 2011 360 2082 aedificio,
392 2010 581 2069 firmus
606 2009 731 2068 sane
757 2012 932 2094 paries
957 2019 1013 2071 &
1039 2012 1362 2086 duraturus,

87 2093 185 2153 sed.
212 2119 329 2153 non·
357 2092 481 2152 satis
509 2094 778 2176 expolitus
806 2103 864 2154 δέ
888 2093 1201 2176 splendens,
1242 2100 1361 2178 Ego

84 2199 279 2237 autem
330 2198 609 2236 oratorem
645 2223 660 2246 ‚
718 2176 852 2235 ficut
901 2178 1242 2260 locupletem
1300 2203 1363 2239 ac

89 2260 378 2319 laudatum
400 2283 613 2342 patrem
629 2257 854 2317 familiae
872 2306 889 2331 ,
916 2284 1030 2318 non
1047 2285 1113 2320 eo
1139 2261 1362 2323 tantum

89 2344 220 2402 volo
245 2349 392 2403 testo
417 2345 565 2426 tegi,
592 2342 746 2423 quod
771 2343 1018 2401 imbrem
1044 2369 1102 2403 ac
1125 2367 1359 2404 ventum

97 2449 276 2486 arceat
301 2476 316 2499 ‚
359 2426 453 2486 sed
487 2427 658 2486 etiam
687 2426 838 2506 quod
870 2425 1046 2484 visum
1080 2434 1136 2487 δέ
1172 2428 1363 2488 oculos

95 2510 373 2569 delectet:
413 2534 524 2568 non
555 2509 616 2567 ea
650 2508 830 2567 solum
867 2510 1055 2568 instrui
1091 2509 1361 2592 supellec-

28 2646 39 2651 ,
92 2592 191 2656 tile
211 2641 228 2667 ,
268 2617 387 2677 quae
410 2591 716 2656 neceffariis
749 2592 928 2656 usibus
962 2591 1192 2656 sufficiat
1211 2641 1230 2668 ,
1265 2593 1363 2662 sed
