1663 2958
173 183 492 247 D1Arosus
538 208 605 245 m:
648 184 1081 247 Onia-romeus„
1186 206 1300 261 117

32 283 382 350 sermonibus
412 285 560 344 ferri.
607 284 777 345 Tolle
816 285 986 365 igitur
1014 283 1215 363 quietis
1243 295 1303 346 <Sc

32 367 335 433 securitatis
362 366 770 427 excusationem
790 414 806 438 ‚
840 367 968 425 cum
997 367 1098 425 tibi
1123 365 1303 431 sumas

30 450 408 515 adversarium
452 448 791 531 superiorem
824 474 836 506 :
881 449 1042 513 nobis
1077 449 1202 512 saris
1239 452 1303 517 fir

33 536 268 628 privatas
285 541 342 592 δέ
356 533 520 597 nostri
534 532 709 589 saeculi
727 532 1119 597 controversias
1142 536 1303 608 tueri,

35 639 96 681 1n
133 615 334 696 quibus
373 615 620 697 expreffis
656 613 695 672 fi
728 614 954 694 quando
990 615 1204 676 necesse
1240 618 1304 677 fit

0 700 3 703 ¹
34 720 133 783 pro
158 698 504 780 periclitante
528 697 711 756 amico
739 698 1122 779 potentiorum
1148 723 1301 760 aures

32 779 318 843 offendere
335 829 350 856 ‚
379 781 681 864 &probata
702 780 765 838 fit
791 779 927 842 fides
946 826 963 853 ,
997 789 1052 838 &
1077 780 1301 846 libertas

33 862 301 930 excusata,

120 948 224 1006 XI.
269 949 436 1022 QUAE
480 944 609 1005 cum
641 944 858 1007 dixisset
889 943 1043 1027 Aper
1081 944 1255 1004 acrius
1284 993 1302 1018 ,

34 1050 96 1097 ut
136 1028 348 1088 solebat
372 1077 387 1101 ‚
429 1037 486 1088 &
521 1031 742 1088 intento
779 1050 913 1092 ore:
958 1030 1204 1088 remiffus
1244 1040 1304 1088 δε

33 1111 321 1177 subridens
348 1116 659 1180 Maternus,
687 1112 911 1182 Paravi,
934 1110 1151 1192 inquit,
1175 1135 1266 1170 me
1284 1160 1301 1186 ‚

34 1220 152 1255 non
190 1194 372 1261 minus
411 1195 507 1252 diu
540 1193 785 1259 accusare
817 1214 1094 1267 oratore3‚
1127 1195 1302 1275 quam

35 1280 190 1358 Aper
222 1278 427 1339 laudat.
493 1279 626 1337 Fore
662 1279 817 1336 enim
859 1276 1163 1340 arbitrabar
1192 1299 1249 1335 ut
1274 1302 1305 1336 a

38 1360 358 1426 laudatione
411 1382 607 1424 eorum
659 1358 923 1440 digressus
976 1360 1307 1424 detrectaret

34 1465 221 1527 poetas
247 1491 264 1516 ‚
309 1464 473 1523 atque
515 1444 830 1505 carminum
869 1442 1113 1501 studium
1151 1442 1305 1525 pros-

37 1546 279 1593 terneret
301 1551 318 1589 ‚z
348 1547 462 1591 arte
489 1526 732 1606 quadam
758 1526 1068 1607 mitigavit,
1096 1550 1305 1586 conce-.-

36 1609 226 1669 dendo
254 1609 336 1666 his
357 1656 373 1680 ,
395 1610 494 1687 (μή
525 1608 703 1667 causas
727 1631 888 1689 agere
911 1632 1026 1667 non
1049 1608 1265 1690 possent
1283 1656 1301 1684 ,

35 1714 97 1753 ut
139 1690 319 1752 versus
361 1688 624 1755 facerent.
678 1694 795 1773 Ego
838 1712 1027 1755 autem
1065 1691 1198 1751 ficut
1242 1694 1303 1757 in

34 1774 202 1834 causis
228 1774 454 1856 agendis
479 1773 695 1833 efficere
721 1774 933 1854 aliquid
955 1783 1013 1834 δε
1032 1776 1169 1835 eniti
1187 1774 1306 1833 for.-

35 1856 166 1917 tasse
185 1856 400 1939 poffum
418 1905 432 1928 ‚
458 1858 533 1915 ita
554 1858 878 1921 recitatione
904 1859 1303 1939 tragoediarum

36 1941 255 2023 ingredi
280 1938 492 1998 famam
524 1939 824 2020 auspicatus
844 1939 964 1999 sum
987 1988 1002 2014 ,
1031 1962 1152 2005 tum
1177 1942 1306 2022 quie

38 2024 173 2084 dem
205 2070 221 2095 ‚
270 2023 397 2082 cum
446 2024 503 2080 in
555 2025 780 2082 Nerone
831 2024 1151 2105 improbam
1183 2072 1198 2096 ,
1244 2034 1303 2090 &

37 2106 344 2166 studiorum
368 2128 593 2186 quoque
611 2106 757 2165 sacra
776 2105 1168 2188 profanantem
1186 2109 1302 2168 Va.-

38 2190 163 2250 tinii
189 2190 500 2273 potentiam
523 2187 665 2271 fregi
689 2215 702 2247 :
738 2197 793 2248 &
818 2189 988 2248 hodie
1017 2190 1054 2247 fi
1079 2191 1218 2270 quid
1243 2191 1305 2258 in

40 2273 200 2332 nobis
230 2273 438 2331 notitiae
471 2296 530 2331 ac
568 2272 811 2330 nominis
846 2274 919 2330 est
946 2319 961 2343 ,
1009 2274 1185 2354 magis
1218 2296 1309 2332 ar·

41 2355 217 2415 bitror
232 2357 545 2415 carminum
560 2404 575 2428 ,
601 2355 771 2435 quam
792 2356 1109 2420 orationum
1127 2356 1305 2437 gloria

43 2460 297 2521 partum:
338 2462 398 2497 ac
427 2445 544 2518 jam
582 2461 674 2497 me
714 2437 1001 2520 sejungere
1035 2462 1065 2496 a
1101 2436 1304 2498 forensi

42 2522 233 2581 labore
257 2523 509 2580 constitui
536 2568 552 2591 ,
593 2544 693 2580 nec
723 2522 1017 2580 comitatus
1045 2521 1170 2579 istos
1192 2568 1210 2593 ,
1246 2531 1305 2583 &

31 2603 279 2688 egressus
303 2652 322 2681 ,
365 2625 459 2666 aut
497 2602 873 2688 frequentiam
911 2603 1308 2670 salutationum
