1663 2958
302 195 438 263 310¹*
559 176 644 235 IN
688 170 1000 231 Lman
1045 184 1130 222 DE
1170 161 1357 224 VrrA·

312 298 412 334 mon
464 275 709 326 audebant.
780 269 943 334 Itaque
988 262 1220 330 Agricola
1262 259 1404 309 erexit
1443 256 1612 312 aciem

306 347 438 400 fuam
458 383 471 406 ‚
507 349 552 390 &
580 339 873 389 Ordovicum
902 335 1014 399 juga
1047 329 1290 395 superavit.

374 412 527 475 Supra
560 402 816 457 memoravi.
851 400 974 464 Cap.
1004 416 1077 457 14.

376 478 435 528 1η
469 474 619 524 dubiis
647 468 859 538 confiliis.
889 465 1099 516 Deerant
1129 478 1303 522 naves,
1333 461 1452 510 utin
1471 454 1597 506 subi-

312 547 436 599 tariis
469 539 705 608 dubiisque
739 534 936 586 consiliis
972 531 1241 597 contingit3
1285 525 1358 576 sed
1391 525 1507 575 ratio
1544 530 1594 572 δε

309 612 568 666 constantia
599 607 724 656 ducis
758 603 951 652 militem
986 595 1241 648 transvexit.

376 677 443 728 Et
465 693 598 744 equos
621 685 804 740 regunt.
839 666 983 717 Unde
1005 666 1181 715 videtur
1202 660 1461 710 lestiffimos
1485 657 1593 706 illos

312 746 602 797 auxiliarium
629 738 756 791 fuisse
779 738 976 787 Batavos
1002 754 1016 796 3
1059 748 1259 800 quorum
1294 729 1394 778 talis
1429 726 1609 793 peritia..

312 813 498 865 laudata
525 813 587 860 est
617 806 749 875 supra
779 804 902 853 Hist.
928 800 994 852 IV
1015 839 1029 862 ,
1064 819 1138 848 12.

380 879 479 947 Qui
513 877 700 944 claffem.
726 872 826 936 Qui
855 869 1052 919 Monam
1076 864 1269 915 insulam
1289 859 1557 910 habitabant
1576 894 1593 919 ,

311 946 623 1014 opinabantur
648 943 890 991 Romanos
923 933 1057 983 claffe
1076 973 1089 994 ,
1130 932 1319 980 navibus
1339 967 1352 990 ‚
1392 924 1592 974 secundo

310 1016 449 1064 maris
474 1013 580 1062 aestu
605 1007 763 1058 usuros
783 1025 798 1070 3
831 1004 1021 1069 haecque
1046 1000 1078 1049 fi
1099 998 1347 1049 deficerent
1363 1032 1377 1055 ,
1400 988 1597 1041 minime

309 1096 549 1132 venturos.

379 1145 646 1212 Officiorum
668 1137 896 1191 ambitum.
933 1133 1126 1201 Legatis
1150 1132 1277 1180 enirn
1301 1122 1596 1194 provinciam

309 1212 674 1281 ingredientibus
697 1201 880 1275 publice
902 1203 1212 1266 privatimque
1238 1191 1559 1245 occurrebatur
1576 1225 1592 1248 ‚

311 1279 757 1330 commendabantur
793 1272 993 1320 civitates
1023 1306 1036 1328 ,
1083 1270 1221 1313 xenia
1253 1258 1595 1310 missitabantur.

307 1347 437 1401 Vide
469 1347 651 1412 Digest.
674 1342 776 1391 libr.
796 1339 850 1400 Ι,
881 1335 980 1385 Tit.
1007 1342 1063 1382 16
1089 1371 1102 1393 ,
1136 1331 1190 1380 de
1213 1328 1375 1397 Officio
1394 1339 1598 1388 procon-

293 1413 424 1483 sulis
452 1413 502 1462 Εν·
538 1409 698 1480 legati.
735 1407 860 1472 Leg.
886 1421 914 1460 4
934 1441 946 1461 ‚
978 1409 1005 1450 6
1026 1407 1071 1448 &
1095 1417 1140 1455 7.

381 1478 432 1532 V
430 1479 538 1528 iffos
562 1474 839 1540 continuzſje.
876 1468 1043 1519 victos
1074 1482 1101 1513 a
1127 1462 1352 1512 Suetonio
1379 1455 1600 1505 Paullino

313 1545 586 1597 continuisse
607 1583 620 1605 ,
651 1539 996 1607 expeditionem
1020 1547 1097 1580 aut
1122 1531 1363 1578 victoriam
1389 1541 1488 1570 non
1512 1539 1600 1569 vo-

315 1613 448 1663 cabat
471 1630 482 1658 τ
522 1629 582 1659 ne
606 1608 819 1657 laureatis
846 1599 1036 1669 quidem
1063 1597 1203 1645 literis
1231 1595 1356 1661 gesta
1381 1587 1457 1637 sua
1479 1605 1600 1654 pro-

311 1680 487 1731 secutus
506 1680 583 1726 est.
604 1676 683 1725 De
699 1670 908 1722 laureatis
925 1666 1063 1716 literis
1084 1662 1189 1714 vide
1206 1659 1599 1728 Supplementum

309 1747 491 1804 {AnnaL
515 1743 635 1796 VIII
656 1781 669 1803 ,
706 1746 785 1788 26.

381 1879 509 1928 CAP.
522 1871 666 1922 XIX.
678 1867 881 1920 Publicae,
897 1865 979 1915 rei.
993 1863 1128 1913 Nihil
1142 1861 1336 1929 publicae
1349 1859 1415 1905 rei
1430 1855 1600 1923 agebat

315 1962 403 2013 per
424 1944 608 1992 libertos
635 1933 874 2001 servosque
901 1969 914 1993 ,
949 1931 1142 1998 pessimo
1174 1929 1262 1977 hac
1291 1929 1341 1975 in
1369 1940 1418 1971 re
1442 1920 1601 1988 praefi-
1662 1947 1663 1976 i

316 2013 430 2062 dum
450 2009 812 2070 principumque
837 1998 1071 2063 exemplo.
1660 1981 1663 2104 Δ

385 2074 571 2126 Milites
593 2070 782 2135 adscire.
800 2066 1105 2133 Singulariter
1124 2058 1297 2107 dietum
1317 2093 1330 2115 ‚
1355 2053 1386 2102 fi
1404 2052 1602 2112 adscire5

318 2161 409 2213 pro
435 2142 600 2191 milites
624 2139 780 2203 legere
804 2149 881 2182 aut
908 2128 1164 2199 provehere
1185 2161 1198 2186 ,
1229 2121 1480 2186 usurpetur.
1509 2119 1623 2168 Sed*
1660 2105 1663 2188 i

319 2211 431 2262 crim
462 2207 579 2257 nihil
611 2204 803 2271 publicae
832 2201 895 2248 rei
928 2215 1009 2265 per
1034 2195 1218 2245 libertos
1240 2196 1286 2238 δε
1318 2189 1467 2236 servos
1494 2183 1599 2233 suos

320 2292 478 2347 ageret
506 2272 732 2341 Agricola
754 2308 769 2330 ‚
808 2268 1017 2315 stratores
1052 2263 1307 2312 aliorumve
1337 2254 1602 2302 officiorum
1627 2259 1637 2285 ⁷

323 2345 552 2396 ministros
579 2341 657 2388 fibi
688 2335 874 2386 adscivit
898 2332 1064 2380 milites
1097 2329 1300 2393 optimos
1326 2339 1378 2370 ac
1400 2317 1600 2368 fideliffi-
1628 2327 1635 2355 ζ

323 2430 444 2461 mos.
480 2409 625 2473 quue
656 2405 884 2466 conjicere
916 2402 1023 2447 licet
1051 2414 1107 2445 ex
1130 2393 1345 2457 Ulpiano
1365 2427 1379 2449 ‚
1413 2386 1596 2453 Digest.
1628 2396 1633 2417 ¹·

322 2479 428 2528 libr.
450 2477 503 2537 I,
529 2474 628 2523 Tit.
658 2481 713 2520 16
733 2509 747 2532 ‚
781 2466 835 2517 de
869 2464 1034 2531 Officio
1059 2455 1339 2525 proconsulis
1364 2452 1413 2504 Cr
1440 2452 1601 2518 legati.
1625 2511 1627 2514 .
1662 2488 1663 2508 2

322 2545 447 2612 Leg.
467 2561 514 2602 4.
552 2540 699 2591 Nemo
721 2531 1028 2601 proconsulum
1052 2528 1275 2596 stratores
1291 2522 1401 2588 suos
1436 2510 1622 2568 habere?
1656 2510 1663 2561 ll

322 2609 461 2676 potest
482 2630 498 2657 .·
516 2606 599 2674 βά
628 2605 728 2656 vice
758 2617 908 2653 eorum
942 2597 1109 2648 milites
1138 2588 1379 2654 ministerio
1409 2586 1455 2635 in
1486 2601 1627 2645 pro--
1656 2568 1663 2617 ι*

321 2676 494 2730 vinciis
501 2675 783 2742 funguntur.
795 2668 927 2718 Talis
943 2667 1104 2716 strator
1122 2676 1216 2711 erat
1234 2656 1370 2709 Silius
1387 2649 1573 2717 Hospes
1583 2638 1632 2711 ,Ι
1655 2666 1656 2670 ’
