1663 2958
304 181 382 248 84
496 175 567 233 C.
613 175 1045 236 CORNEL11
1090 182 1388 248 TA01T1

298 294 579 353 equorum
622 275 944 356 corporibus
991 278 1416 362 impellerentur
1438 333 1455 359 ‚
1507 310 1569 348 ac
1647 283 1656 370 ἓξ

297 355 433 434 saepe
462 354 589 436 vagi
612 379 797 417 currus
817 407 833 431 ‚
859 364 1105 422 exterriti
1129 364 1242 426 fine
1267 370 1569 430 redtoribus
1648 345 1660 479 l

300 459 431 516 equi
449 485 465 510 ‚
485 459 545 496 ut
566 461 852 522 quemque
870 442 1121 507 formido
1142 450 1341 511 tulerat
1360 500 1377 525 ,
1404 453 1573 513 trans-

298 519 482 582 versos
506 569 521 593 ‚
556 544 649 581 aut
677 524 872 586 obvios
896 529 1263 593 incursabant.

381 605 695 667 XXXVII.
724 611 803 668 ET
828 613 1110 687 Britanni,
1149 618 1246 696 qui
1271 617 1452 677 adhuc
1473 643 1572 702 pu-
1657 606 1660 618 ’

296 709 416 771 gnae
441 711 688 772 expertes
718 691 935 755 summa
957 697 1188 758 collium
1212 699 1529 763 insederant
1551 751 1569 777 ,
1660 704 1661 714 ¹

295 780 355 832 &
407 774 742 856 paucitatem
790 781 1105 841 nostrorum
1146 785 1304 844 vacui
1348 784 1573 867 sperne—

297 855 475 930 bant,
515 858 748 943 degredi
788 863 1079 943 paullatim
1111 913 1128 938 ,
1175 876 1233 927 &
1274 868 1570 931 circumire

297 960 455 1022 terga
489 943 839 1004 vincentium
876 970 1191 1030 coeperant:
1229 952 1289 1009 ni
1321 953 1567 1036 idipsum

295 1026 502 1083 veritus
538 1026 804 1108 Agricola
842 1053 1081 1109 quatuor
1115 1035 1371 1113 equitum
1415 1038 1525 1097 alas
1548 1087 1568 1113 ,

292 1106 369 1165 ad
402 1105 582 1167 subita
609 1110 745 1170 belli
774 1133 1013 1174 retentas
1035 1164 1051 1188 ‚
1089 1118 1442 1179 venientibus
1472 1146 1571 1205 op»

288 1188 568 1274 posuisset,
591 1196 913 1276 quantoque
936 1197 1175 1259 ferocius
1200 1225 1567 1280 accurrerant,

292 1278 451 1334 tanto
468 1276 640 1336 acrius
656 1279 837 1362 pulsos
854 1282 912 1339 in
932 1281 1125 1366 fugam
1147 1285 1457 1365 disjeciffet.
1481 1292 1567 1351 Ita

291 1358 586 1420 confilium
619 1364 1018 1425 Britannorum
1049 1369 1109 1426 in
1143 1368 1284 1452 ipsos
1312 1371 1569 1433 versum:

290 1441 718 1528 transvectaeque
769 1471 1040 1533 praecepto
1092 1451 1246 1512 ducis
1300 1478 1331 1513 a
1377 1453 1568 1520 fronte

286 1530 660 1609 pugnantium
686 1530 780 1589 alae
796 1579 813 1604 ,
842 1534 1087 1593 aversam
1115 1536 1358 1596 hostium
1384 1541 1565 1602 aciem

285 1609 713 1672 invasere.Tum
731 1617 863 1674 vero
875 1618 1194 1699 patentibus
1209 1620 1343 1680 locis
1357 1626 1567 1706 grande

287 1701 346 1754 &
379 1715 533 1754 atrox
568 1695 980 1780 spectaculum:
1015 1701 1206 1784 sequi,
1239 1705 1563 1784 vulnerare,

288 1800 483 1860 capere
504 1828 521 1853 ,
550 1802 718 1863 atque
743 1782 969 1844 eosdem
993 1833 1009 1858 ‚
1043 1787 1245 1847 oblatis
1271 1789 1389 1850 aliis
1408 1840 1424 1864 ,
1452 1814 1564 1853 tru-

285 1862 490 1922 cidare.
533 1866 661 1927 Jam
686 1866 926 1927 hostium
949 1916 964 1941 ,
989 1893 1154 1952 prout
1181 1873 1381 1955 cuique
1407 1877 1564 1960 inge-

283 1945 449 2004 nium
482 1969 598 2007 erat
623 1997 639 2021 ,
680 1971 906 2011 catervae
943 1975 1287 2016 armatorum
1331 1963 1560 2041 paucio*

282 2028 435 2088 ribus
484 2050 638 2113 terga
684 2037 926 2115 praestare
968 2085 984 2109 ,
1039 2039 1272 2118 quidam
1311 2043 1556 2105 inermes

279 2110 427 2172 ultro
458 2135 617 2176 ruere
640 2164 658 2188 ,
702 2141 763 2177 ac
798 2120 852 2179 se
886 2123 1058 2179 morti
1093 2123 1307 2185 offerre.
1358 2128 1557 2189 Passim

276 2218 433 2256 arma
460 2244 477 2269 ,
531 2208 588 2259 ὃς
643 2224 914 2285 corpora,
960 2213 1017 2265 δε
1059 2204 1225 2268 laceri
1270 2229 1451 2281 artuS,
1494 2221 1555 2272 δε

276 2301 506 2341 cruenta
535 2284 739 2345 humus
761 2312 772 2345 ε
798 2296 856 2347 &
878 2286 1180 2369 aliquando
1204 2293 1373 2351 etiam
1395 2295 1551 2356 victis

273 2363 356 2422 ira
393 2365 673 2448 virtusque
699 2394 709 2426 ε
755 2374 1046 2452 postquam
1077 2373 1220 2433 fi-lvis
1251 2380 1551 2463 appropin-

270 2469 511 2525 quarunt
534 2498 549 2522 ‚
591 2452 810 2512 collecti
837 2503 853 2528 ,
895 2456 1105 2537 primos
1144 2456 1501 2540 sequentium
1524 2512 1544 2537 ‚

270 2529 521 2591 incautos
571 2542 628 2594 &
683 2535 936 2598 locorum
985 2540 1204 2621 ignaros
1234 2591 1250 2615 ,
1304 2545 1544 2605 circum-

272 2610 587 2678 veniebant.
672 2622 847 2696 Quod
900 2622 962 2681 ni
1012 2622 1273 2708 frequens
1329 2629 1538 2713 ubique
1583 2707 1589 2711 .
