1663 2958
1655 104 1657 130 l

285 150 395 226 358
614 132 702 188 IN
763 126 1316 184 Duronum:
1656 135 1658 195 μ

286 254 463 292 annum
499 247 663 293 2510,
705 239 906 275 mortem
947 218 1007 267 ad
1047 232 1222 265 annum
1259 223 1423 273 2433,
1463 216 1573 254 ante*
1656 216 1659 263 ;

287 305 443 361 Jesum
476 299 709 348 Christum
748 290 963 340 referunt.
1015 279 1177 331 Mense
1211 294 1365 327 autem
1396 271 1571 321 Martio
1661 275 1663 292 ¹

286 374 478 429 Lunam
509 362 754 415 secundam
787 367 1032 405 numerant
1052 345 1274 403 >Sinenses.
1300 383 1313 405 ‚
1351 339 1480 408 quod
1513 337 1573 386 ab

291 434 496 505 ingressu
529 433 650 481 Solis
677 430 727 477 in
753 422 902 474 Pisces
924 459 937 481 ,
975 436 1073 467 non
1099 411 1207 464 vero
1233 453 1247 475 ‚
1285 425 1333 459 ut
1361 424 1447 456 nos
1467 444 1481 467 ‚
1519 403 1576 453 ab

288 500 492 572 ingressu
512 501 560 547 in
580 497 790 545 Arietem
809 530 823 552 ,
843 505 1019 538 annum
1037 485 1284 548 incipiunt.
1316 474 1431 524 Inde
1453 487 1584 540 quo-

291 590 384 640 que
402 608 415 630 ‚
449 566 553 616 cum
575 562 722 618 Judaei
741 554 951 607 Sinenses
976 550 1322 614 Scenopegiam
1347 581 1361 602 ‚
1398 539 1474 587 seu
1499 534 1585 586 fes-

293 656 392 689 tum
414 628 847 684 Tabernaculorurn
863 663 876 683 ‚
904 620 1093 687 septima
1109 615 1245 665 Luna
1269 609 1551 661 celebrarent
1569 639 1584 664 ,

293 723 343 756 ut
374 704 570 752 diximus
596 700 646 747 in
674 697 829 762 priore
854 689 1009 739 Taciti
1042 684 1274 741 editione,
1307 670 1544 725 Tom.111
1569 706 1584 730 ,
1637 683 1639 685 ·

294 789 410 841 pag.
439 783 528 830 575
554 805 568 828 ,
602 764 765 813 eadem
786 775 916 808 more
943 755 1103 804 Sinico
1128 750 1264 798 Luna
1295 744 1462 792 octava
1492 754 1587 786 nu-

298 837 557 889 merabatur
574 871 587 893 ,
619 848 668 880 ut
687 829 822 877 habet
844 822 1035 891 epistola
1052 818 1198 867 Patris
1217 815 1491 874 Domenge.

370 904 486 954 Fere
506 898 659 950 eodem
681 894 844 958 mense.
886 886 1164 939 Redundare
1184 881 1360 931 videtur
1370 874 1475 939 fere
1495 910 1510 933 ‚
1546 874 1592 917 δε

302 972 511 1024 additum
541 984 568 1014 a
604 963 745 1013 sciolo
776 961 935 1026 aliquo
960 995 973 1016 ‚
1011 956 1091 1021 qui
1129 968 1225 999 non
1253 941 1505 996 attenderet
1540 939 1592 984 in

304 1055 485 1105 magno
503 1051 628 1083 anno
650 1069 663 1091 ,
695 1029 726 1077 fi
751 1041 910 1086 12954
937 1039 1019 1088 per
1042 1038 1096 1067 12
1120 1015 1319 1066 diviseris
1343 1050 1358 1073 ‚
1388 1004 1593 1073 singulos

308 1102 490 1156 menses
508 1098 595 1149 effe
613 1097 758 1146 ferme
781 1097 906 1142 1080
926 1103 1172 1138 annorum.
1186 1079 1332 1131 Unde
1351 1080 1400 1126 in
1420 1087 1597 1136 magno

309 1190 438 1223 anno
462 1209 475 1231 ,
510 1184 607 1216 non
622 1162 727 1227 fere
750 1199 765 1220 ,
801 1158 877 1208 sed
907 1171 1067 1205 revera
1099 1151 1266 1201 eodem
1300 1140 1454 1195 mense
1491 1139 1598 1187 De-

313 1238 574 1288 mosthenes
599 1237 643 1280 &
664 1229 796 1295 Aper
819 1227 1021 1274 extitere.
1067 1219 1138 1269 Hi
1171 1217 1271 1266 sunt
1294 1207 1471 1263 menses
1493 1244 1506 1269 ‚
1541 1202 1598 1250 de

313 1307 479 1375 quibus
502 1299 729 1365 Virgilius
751 1334 764 1356 ,
795 1293 960 1358 Eclog.
982 1288 1070 1349 IV,
1103 1305 1176 1334 12.

659 1380 853 1435 Incipient
881 1374 1018 1430 magni
1045 1369 1259 1427 procedere
1289 1360 1449 1414 menses.

389 1500 518 1552 CAP.
531 1495 696 1546 XVII.
719 1489 988 1558 Agrippam.
1007 1483 1254 1531 Menenius
1273 1476 1491 1541 Agrippa
1509 1468 1608 1518 La·-

322 1585 454 1621 natus
480 1563 639 1613 consul
666 1560 751 1608 fuit
772 1573 898 1605 anno
918 1551 1063 1600 Urbis
1092 1546 1287 1596 conditae
1312 1556 1426 1589 ceu
1451 1577 1465 1600 ‚
1501 1551 1609 1585 ante

324 1634 559 1689 Christum
586 1643 697 1691 503.

391 1699 459 1750 Et
491 1696 737 1762 Caesczrem.
770 1687 945 1741 Julium
970 1679 1199 1733 Caesarem
1216 1715 1230 1738 ‚
1257 1673 1545 1722 dic'tatorem.

394 1764 604 1817 Coelz‘um.
657 1759 728 1808 M,
771 1754 978 1804 Coelium
1022 1746 1195 1798 Rufum
1216 1782 1229 1805 ‚
1275 1741 1404 1800 cuius
1439 1736 1624 1786 exstant‘

331 1835 534 1902 epistolae
560 1833 677 1878 inter
705 1822 1041 1875 Ciceronianas
1063 1854 1077 1877 ‚
1115 1812 1216 1860 libr.
1238 1807 1359 1859 VIII
1377 1844 1391 1866 ,
1426 1802 1484 1852 ad
1517 1799 1616 1850 Fa-

334 1903 550 1951 miliares.

403 1964 614 2016 Calvum.
655 1958 716 2009 C.
753 1953 962 2004 Licinius
999 1947 1160 1997 Macer
1200 1939 1374 1991 Calvus
1406 1933 1483 1983 diu
1522 1930 1651 1980 cunz'

337 2033 562 2084 Cicerone
604 2021 916 2090 iniquiffimam
962 2014 1085 2065 litem
1133 2009 1186 2058 de
1225 2002 1488 2070 principatu
1524 1997 1622 2046 elo-

337 2097 534 2158 quemiae
565 2091 725 2144 habuit
749 2127 766 2149 ‚
800 2102 847 2135 ut
873 2085 1051 2134 testatur
1076 2079 1254 2128 Seneca
1275 2111 1287 2134 ,
1321 2060 1621 2119 Controvers.

339 2168 446 2227 ΙΙΙ,
488 2183 562 2221 19.
625 2161 762 2208 Illum
798 2151 951 2201 laudat
986 2149 1155 2198 Cicero
1179 2181 1192 2202 ‚
1228 2139 1284 2188 de
1321 2137 1452 2185 claris
1484 2131 1625 2181 Orat.

342 2251 448 2298 cap.
465 2236 549 2279 82.·
568 2225 868 2278 Sanflirarem
888 2214 1024 2266 Calvi
1055 2210 1250 2263 celebrat
1273 2203 1589 2269 Quintilianus
1607 2233 1623 2257 ,
1649 2259 1655 2265 .

344 2299 493 2364 Inftir.
529 2294 666 2345 Orat.
697 2290 793 2340 XII
819 2326 830 2348 ,
871 2302 947 2333 10.

394 2359 406 2366 s

413 2366 623 2414 Brutum.
666 2359 738 2408 M.
772 2354 963 2408 Junium
998 2349 1189 2397 Brutum
1210 2379 1222 2401 ‚
1263 2333 1451 2386 Caesaris
1481 2319 1643 2388 intera}vx

349 2435 570 2484 seciorem
593 2468 606 2489 ‚
637 2428 708 2476 cui
739 2419 923 2470 Tullius
955 2416 1121 2463 librum
1149 2409 1204 2456 de
1231 2402 1506 2454 Oratoribus
1529 2437 1543 2460 ‚
1579 2392 1639 2446 &2

350 2501 602 2553 Oratorem
638 2486 872 2553 inscripsit.
1462 2508 1483 2514 ff
1628 2491 1641 2524 4,

413 2563 619 2616 Asmium
667 2558 719 2610 Er
770 2548 1023 2620 Mqffalam.
1094 2542 1202 2596 Jam
1247 2535 1453 2588 laudatos
1494 2526 1643 2595 supra!

449 2619 468 2632 ,μ

353 2652 456 2699 Cap·
502 2650 580 2680 12·
