1663 2958
412 180 475 248 D
518 210 539 246 1
586 206 628 246 A
670 211 701 247 r
748 209 784 248 o
834 210 867 247 G
913 198 956 248 1}-
1201 192 1325 266 157⁷

56 274 117 344 {n
154 283 262 366 qua
299 289 468 348 cuivis
501 288 666 346 obvia
701 286 1030 368 semperque
1065 286 1326 369 expedita

38 363 270 449 ¹ingenii
298 393 360 427 ac
393 370 607 427 virtutis
641 371 950 428 ostentatio·
1001 372 1203 430 Forum
1227 373 1333 430 Se-r

0 472 2 481 ¹
57 472 204 509 necae
240 449 494 509 laudibus
529 452 709 509 statim
740 450 1040 532 personuit.
1095 452 1331 512 Incensa

57 532 130 592 ad
148 532 489 592 imitandum
513 533 773 591 omnium
793 534 984 593 studia.
1016 538 1187 615 Super
1210 537 1322 595 haec

55 612 238 675 adfuit
279 612 504 675 fortuna
527 663 544 687 ,
583 639 701 696 quae
731 638 861 674 eum
901 617 1033 675 aulae
1068 618 1326 691 deliciis,

48 694 198 756 ‘forte
213 705 269 757 δε
290 695 645 770 libidinibus,
668 696 990 758 immiscuit.
1026 700 1328 760 Subsecuta.

57 802 190 840 mox
228 782 356 839 Caii
390 781 617 840 Caesaris
654 781 867 840 invidia
889 829 905 853 ,
943 782 1149 841 deinde
1186 786 1327 862 peri-

59 861 212 933 cula,
239 865 439 944 quibus
466 866 617 945 aeque
645 864 916 923 inclaruit.
952 865 1330 924 Noviffimum-

59 945 289 1004 tandem
328 972 388 1006 ac
433 949 741 1007 maximum
788 947 1121 1007 celebritatis
1164 948 1329 1029 adju-³

57 1050 318 1088 mentum
352 1032 503 1089 Nero
541 1032 797 1110 Princeps
836 1029 1168 1112 discipulus,
1211 1033 1333 1112 post

56 1110 409 1185 interfector,
430 1114 643 1193 ingenii
663 1110 822 1170 famae
841 1115 1055 1194 pondus
1077 1123 1132 1173 Sc
1152 1113 1331 1193 splen=¹

56 1194 256 1253 dorem
288 1196 574 1254 addidere.
629 1197 786 1253 Tum
821 1197 1017 1277 puduit
1057 1195 1328 1276 eloquen-

57 1277 145 1336 tiae
173 1324 190 1349 ,
230 1300 348 1356 quae
389 1279 535 1360 apud
576 1278 793 1336 animos
838 1279 1097 1336 novitatis
1137 1277 1331 1338 furore-

56 1360 418 1420 circumacstos
450 1384 564 1418 non
595 1361 769 1418 modo
796 1361 938 1417 nihil
972 1362 1204 1443 pristinae
1240 1361 1329 1419 di-

57 1443 302 1526 gnitatis·
329 1443 606 1502 retinebat
634 1490 650 1514 ‚
694 1441 790 1502 sed
834 1451 986 1525 cujus
1028 1445 1200 1502 etiam
1245 1467 1335 1504 ars·

57 1524 346 1606 cultusque
383 1527 441 1584 in
478 1526 720 1585 ludibria
752 1547 1047 1586 verterant.
1090 1528 1332 1587 Favebat.

55 1608 238 1668 adhuc
259 1630 582 1690 temporum
604 1610 743 1666 ratio
761 1656 776 1680 ,
797 1610 997 1688 quibus
1021 1611 1187 1669 virtus
1212 1631 1328 1669 erat

55 1691 257 1774 pavida
285 1739 301 1762 ,
348 1690 538 1751 sceleri
569 1691 711 1749 nihil
741 1690 1020 1751 illicitum.
1083 1693 1331 1773 Utrique

56 1775 331 1833 contraria
359 1774 680 1854 eloquentia
705 1822 721 1845 ‚
762 1797 882 1853 quat
914 1775 1041 1832 huic
1080 1774 1286 1833 lentior
1310 1824 1331 1849 ³

53 1857 141 1916 illi
164 1856 464 1915 invalidior
488 1856 796 1915 videbatur.
821 1858 853 1919 J
858 1858 974 1915 uvit
995 1859 1127 1939 ergo
1149 1859 1208 1916 in
1228 1859 1332 1917 hac

57 1961 382 2022 temporum
403 1940 701 2001 acerbitate
721 1940 902 2000 verbis
923 1963 1178 2022 parcere,
1204 1964 1333 2023 prae-

58 2024 287 2107 cipitare
312 2022 493 2082 sensus
512 2071 528 2096 ‚
554 2044 852 2083 momento
871 2024 1104 2082 exitium
1123 2024 1333 2084 inferre

5 2155 7 2157 -
59 2127 155 2167 aut
177 2127 422 2166 avertere
442 2153 457 2178 ,
485 2115 541 2166 &
563 2155 579 2179 ‚
608 2106 644 2164 fi
673 2105 806 2166 esset
827 2107 1177 2188 pereundum
1203 2154 1219 2179 ,
1247 2108 1332 2167 in·-

57 2189 196 2271 figni
216 2190 366 2248 dicto
387 2189 688 2249 notescere.
717 2191 816 2247 His
840 2189 1094 2248 dulcibus
1112 2193 1334 2250 Senecae

60 2273 206 2333 vitiis
243 2272 516 2353 tantisque
545 2271 778 2332 fortunae
809 2273 1161 2332 varietatibus
1188 2274 1334 2331 vista

61 2358 138 2416 est
158 2355 481 2437 eloquentia
499 2403 515 2428 ,
539 2365 596 2416 &
616 2354 805 2415 diserti
822 2355 1091 2415 sermonis
1112 2357 1332 2416 investa

63 2440 360 2499 neceffitaS.
990 2495 997 2504 .

147 2546 201 2594 7.
240 2523 311 2580 M
330 2541 536 2580 UTAT1
557 2545 578 2579 s
616 2543 810 2581 tamen
840 2517 1022 2604 postea
1059 2520 1331 2602 tempori-¹

61 2600 169 2682 bus
196 2650 214 2679 ,
263 2604 392 2665 cum
440 2603 879 2688 vigilantissimus
925 2603 1287 2688 Vespafianus
1310 2650 1330 2688 ἦ
