<?xml version="1.0" encoding="UTF-8"?>
<!DOCTYPE html PUBLIC "-//W3C//DTD XHTML 1.0 Transitional//EN"
    "http://www.w3.org/TR/xhtml1/DTD/xhtml1-transitional.dtd">
<html xmlns="http://www.w3.org/1999/xhtml" xml:lang="en" lang="en">
 <head>
  <title>
</title>
<meta http-equiv="Content-Type" content="text/html;charset=utf-8" />
  <meta name='ocr-system' content='tesseract 3.04.00' />
  <meta name='ocr-capabilities' content='ocr_page ocr_carea ocr_par ocr_line ocrx_word'/>
</head>
<body>
  <div class='ocr_page' id='page_1' title='image "./ccorneliitacitio06taci_0217.png"; bbox 0 0 1663 2958; ppageno 0'>
   <div class='ocr_carea' id='block_1_1' title="bbox 0 108 1320 1737">
    <p class='ocr_par' dir='ltr' id='par_1_1' title="bbox 31 108 1319 743">
     <span class='ocr_line' id='line_1_1' title="bbox 229 108 1318 185; baseline -0.017 -2"><span class='ocrx_word' id='word_1_1' title='bbox 229 124 791 183; x_wconf 78' lang='lat' dir='ltr'>GERMANORUM</span> <span class='ocrx_word' id='word_1_2' title='bbox 839 108 1079 171; x_wconf 75' lang='lat' dir='ltr'>NorAE.</span> <span class='ocrx_word' id='word_1_3' title='bbox 1202 120 1318 185; x_wconf 82' lang='lat'><strong>199·</strong></span> 
     </span>
     <span class='ocr_line' id='line_1_2' title="bbox 32 203 1314 302; baseline -0.016 -28"><span class='ocrx_word' id='word_1_4' title='bbox 32 214 287 302; x_wconf 46' lang='lat' dir='ltr'>figuratam</span> <span class='ocrx_word' id='word_1_5' title='bbox 306 225 353 270; x_wconf 89' lang='lat' dir='ltr'>in</span> <span class='ocrx_word' id='word_1_6' title='bbox 374 220 627 277; x_wconf 84' lang='lat' dir='ltr'>liburnam,</span> <span class='ocrx_word' id='word_1_7' title='bbox 653 214 854 263; x_wconf 84' lang='lat' dir='ltr'>venerati</span> <span class='ocrx_word' id='word_1_8' title='bbox 880 210 978 259; x_wconf 88' lang='lat' dir='ltr'>sunt</span> <span class='ocrx_word' id='word_1_9' title='bbox 999 208 1152 257; x_wconf 88' lang='lat' dir='ltr'>Suevi.</span> <span class='ocrx_word' id='word_1_10' title='bbox 1185 203 1314 272; x_wconf 89' lang='lat' dir='ltr'>Ipsos</span> 
     </span>
     <span class='ocr_line' id='line_1_3' title="bbox 43 274 1315 356; baseline -0.017 -16"><span class='ocrx_word' id='word_1_11' title='bbox 43 302 198 356; x_wconf 56' lang='lat' dir='ltr'>“putem</span> <span class='ocrx_word' id='word_1_12' title='bbox 221 329 235 351; x_wconf 85' lang='lat'>‚</span> <span class='ocrx_word' id='word_1_13' title='bbox 274 290 352 356; x_wconf 88' lang='lat' dir='ltr'>qui</span> <span class='ocrx_word' id='word_1_14' title='bbox 380 287 538 334; x_wconf 84' lang='lat' dir='ltr'>Albim</span> <span class='ocrx_word' id='word_1_15' title='bbox 566 321 577 341; x_wconf 91' lang='lat'>,</span> <span class='ocrx_word' id='word_1_16' title='bbox 612 281 984 342; x_wconf 81' lang='lat' dir='ltr'>Danubiumque</span> <span class='ocrx_word' id='word_1_17' title='bbox 1021 274 1278 322; x_wconf 87' lang='lat' dir='ltr'>accolerent</span> <span class='ocrx_word' id='word_1_18' title='bbox 1300 309 1315 333; x_wconf 89' lang='lat'>,</span> 
     </span>
     <span class='ocr_line' id='line_1_4' title="bbox 44 340 1317 415; baseline -0.016 -9"><span class='ocrx_word' id='word_1_19' title='bbox 44 355 73 407; x_wconf 54' lang='lat' dir='ltr'>&gt;‘a</span> <span class='ocrx_word' id='word_1_20' title='bbox 96 354 418 415; x_wconf 81' lang='lat' dir='ltr'>mercatoribus</span> <span class='ocrx_word' id='word_1_21' title='bbox 438 345 713 397; x_wconf 84' lang='lat' dir='ltr'>Romanisve</span> <span class='ocrx_word' id='word_1_22' title='bbox 741 345 928 392; x_wconf 63' lang='lat' dir='ltr'>edoctos</span> <span class='ocrx_word' id='word_1_23' title='bbox 950 380 962 402; x_wconf 90' lang='lat'>,</span> <span class='ocrx_word' id='word_1_24' title='bbox 994 340 1156 387; x_wconf 86' lang='lat' dir='ltr'>Ifidem</span> <span class='ocrx_word' id='word_1_25' title='bbox 1177 377 1190 399; x_wconf 86' lang='lat'>‚</span> <span class='ocrx_word' id='word_1_26' title='bbox 1224 356 1317 387; x_wconf 80' lang='lat' dir='ltr'>na-</span> 
     </span>
     <span class='ocr_line' id='line_1_5' title="bbox 46 405 1315 487; baseline -0.015 -17"><span class='ocrx_word' id='word_1_27' title='bbox 46 423 298 487; x_wconf 83' lang='lat' dir='ltr'>vigantium</span> <span class='ocrx_word' id='word_1_28' title='bbox 340 417 473 464; x_wconf 86' lang='lat' dir='ltr'>deam</span> <span class='ocrx_word' id='word_1_29' title='bbox 503 452 516 474; x_wconf 83' lang='lat'><strong><em>,</em></strong></span> <span class='ocrx_word' id='word_1_30' title='bbox 563 409 747 459; x_wconf 81' lang='lat' dir='ltr'>coluisse</span> <span class='ocrx_word' id='word_1_31' title='bbox 791 410 984 457; x_wconf 86' lang='lat' dir='ltr'>minime</span> <span class='ocrx_word' id='word_1_32' title='bbox 1028 408 1195 453; x_wconf 83' lang='lat' dir='ltr'>mirum</span> <span class='ocrx_word' id='word_1_33' title='bbox 1237 405 1315 452; x_wconf 90' lang='lat' dir='ltr'>est.</span> 
     </span>
     <span class='ocr_line' id='line_1_6' title="bbox 37 470 1316 548; baseline -0.015 -13"><span class='ocrx_word' id='word_1_34' title='bbox 37 484 232 548; x_wconf 70' lang='lat' dir='ltr'>Sacrum</span> <span class='ocrx_word' id='word_1_35' title='bbox 267 482 378 531; x_wconf 92' lang='lat' dir='ltr'>illud</span> <span class='ocrx_word' id='word_1_36' title='bbox 407 479 727 546; x_wconf 81' lang='lat' dir='ltr'>pervulgatum</span> <span class='ocrx_word' id='word_1_37' title='bbox 749 514 761 536; x_wconf 87' lang='lat'>‚</span> <span class='ocrx_word' id='word_1_38' title='bbox 796 493 849 524; x_wconf 84' lang='lat' dir='ltr'>ac</span> <span class='ocrx_word' id='word_1_39' title='bbox 870 471 1070 522; x_wconf 66' lang='lat' dir='ltr'>maxime</span> <span class='ocrx_word' id='word_1_40' title='bbox 1095 470 1316 537; x_wconf 83' lang='lat' dir='ltr'>agebatur</span> 
     </span>
     <span class='ocr_line' id='line_1_7' title="bbox 31 536 1316 609; baseline -0.012 -9"><span class='ocrx_word' id='word_1_41' title='bbox 31 550 389 607; x_wconf 55' lang='lat' dir='ltr'>[mnenfe&#39;Martio</span> <span class='ocrx_word' id='word_1_42' title='bbox 413 587 426 609; x_wconf 84' lang='lat'>,</span> <span class='ocrx_word' id='word_1_43' title='bbox 459 544 565 594; x_wconf 71' lang='lat' dir='ltr'>crim</span> <span class='ocrx_word' id='word_1_44' title='bbox 590 558 882 592; x_wconf 76' lang='lat' dir='ltr'>renovaretur</span> <span class='ocrx_word' id='word_1_45' title='bbox 911 540 1161 604; x_wconf 82' lang='lat' dir='ltr'>navigatio.</span> <span class='ocrx_word' id='word_1_46' title='bbox 1200 536 1316 584; x_wconf 87' lang='lat' dir='ltr'>Inde</span> 
     </span>
     <span class='ocr_line' id='line_1_8' title="bbox 41 604 1315 668; baseline -0.012 -2"><span class='ocrx_word' id='word_1_47' title='bbox 41 616 92 668; x_wconf 72' lang='lat' dir='ltr'>in</span> <span class='ocrx_word' id='word_1_48' title='bbox 119 615 399 664; x_wconf 88' lang='lat' dir='ltr'>Kalendario</span> <span class='ocrx_word' id='word_1_49' title='bbox 432 628 598 661; x_wconf 87' lang='lat' dir='ltr'>vetere.</span> <span class='ocrx_word' id='word_1_50' title='bbox 642 609 709 656; x_wconf 86' lang='lat' dir='ltr'>III</span> <span class='ocrx_word' id='word_1_51' title='bbox 746 607 911 656; x_wconf 85' lang='lat' dir='ltr'>Nonas</span> <span class='ocrx_word' id='word_1_52' title='bbox 945 604 1117 652; x_wconf 86' lang='lat' dir='ltr'>Martii.</span> <span class='ocrx_word' id='word_1_53' title='bbox 1152 617 1315 652; x_wconf 76' lang='lat'><em>181018</em></span> 
     </span>
     <span class='ocr_line' id='line_1_9' title="bbox 45 668 1319 743; baseline -0.017 -7"><span class='ocrx_word' id='word_1_54' title='bbox 45 698 338 736; x_wconf 69' lang='lat' dir='ltr'>nAerwM.</span> <span class='ocrx_word' id='word_1_55' title='bbox 371 679 595 743; x_wconf 81' lang='lat' dir='ltr'>Vegetius</span> <span class='ocrx_word' id='word_1_56' title='bbox 615 675 689 735; x_wconf 86' lang='lat' dir='ltr'>V,</span> <span class='ocrx_word' id='word_1_57' title='bbox 717 691 743 729; x_wconf 88' lang='lat'><em>9</em></span> <span class='ocrx_word' id='word_1_58' title='bbox 766 713 778 734; x_wconf 92' lang='lat'>‚</span> <span class='ocrx_word' id='word_1_59' title='bbox 815 686 1039 720; x_wconf 86' lang='lat' dir='ltr'>memorat</span> <span class='ocrx_word' id='word_1_60' title='bbox 1065 668 1188 716; x_wconf 89' lang='lat' dir='ltr'>hunc</span> <span class='ocrx_word' id='word_1_61' title='bbox 1222 684 1319 716; x_wconf 78' lang='lat' dir='ltr'>na·-</span> 
     </span>
    </p>

    <p class='ocr_par' dir='ltr' id='par_1_2' title="bbox 0 729 1320 1737">
     <span class='ocr_line' id='line_1_10' title="bbox 10 729 1318 807; baseline -0.016 -7"><span class='ocrx_word' id='word_1_62' title='bbox 10 773 11 780; x_wconf 52' lang='lat'>¹</span> <span class='ocrx_word' id='word_1_63' title='bbox 43 748 179 800; x_wconf 73' lang='lat' dir='ltr'>talem</span> <span class='ocrx_word' id='word_1_64' title='bbox 200 787 214 807; x_wconf 85' lang='lat'><em>,</em></span> <span class='ocrx_word' id='word_1_65' title='bbox 255 762 303 795; x_wconf 75' lang='lat' dir='ltr'>ut</span> <span class='ocrx_word' id='word_1_66' title='bbox 329 747 397 795; x_wconf 75' lang='lat' dir='ltr'>ita</span> <span class='ocrx_word' id='word_1_67' title='bbox 429 744 573 792; x_wconf 77' lang='lat' dir='ltr'>dicam</span> <span class='ocrx_word' id='word_1_68' title='bbox 594 782 610 804; x_wconf 86' lang='lat'>‚</span> <span class='ocrx_word' id='word_1_69' title='bbox 649 736 957 803; x_wconf 67' lang='lat' dir='ltr'>navigationis</span> <span class='ocrx_word' id='word_1_70' title='bbox 980 773 993 795; x_wconf 89' lang='lat'>‚</span> <span class='ocrx_word' id='word_1_71' title='bbox 1030 734 1102 799; x_wconf 75' lang='lat' dir='ltr'>qui</span> <span class='ocrx_word' id='word_1_72' title='bbox 1119 729 1318 797; x_wconf 71' lang='lat' dir='ltr'>solemni</span> 
     </span>
     <span class='ocr_line' id='line_1_11' title="bbox 41 798 1316 873; baseline -0.019 -6"><span class='ocrx_word' id='word_1_73' title='bbox 41 813 291 868; x_wconf 68' lang='lat' dir='ltr'>rertanzine</span> <span class='ocrx_word' id='word_1_74' title='bbox 318 851 334 871; x_wconf 88' lang='lat'><em>,</em></span> <span class='ocrx_word' id='word_1_75' title='bbox 378 809 636 873; x_wconf 78' lang='lat' dir='ltr'>publicoque</span> <span class='ocrx_word' id='word_1_76' title='bbox 649 802 902 870; x_wconf 15' lang='lat' dir='ltr'>fiveffalculo</span> <span class='ocrx_word' id='word_1_77' title='bbox 931 798 1170 848; x_wconf 73' lang='lat' dir='ltr'>multarum</span> <span class='ocrx_word' id='word_1_78' title='bbox 1191 815 1316 862; x_wconf 74' lang='lat' dir='ltr'>gerz-</span> 
     </span>
     <span class='ocr_line' id='line_1_12' title="bbox 39 863 1315 938; baseline -0.016 -7"><span class='ocrx_word' id='word_1_79' title='bbox 39 881 154 932; x_wconf 70' lang='lat' dir='ltr'>tium</span> <span class='ocrx_word' id='word_1_80' title='bbox 177 878 445 929; x_wconf 74' lang='lat' dir='ltr'>celebratur.</span> <span class='ocrx_word' id='word_1_81' title='bbox 484 874 581 938; x_wconf 88' lang='lat' dir='ltr'>Qui</span> <span class='ocrx_word' id='word_1_82' title='bbox 617 874 749 938; x_wconf 87' lang='lat' dir='ltr'>plura</span> <span class='ocrx_word' id='word_1_83' title='bbox 785 871 907 918; x_wconf 90' lang='lat' dir='ltr'>volet</span> <span class='ocrx_word' id='word_1_84' title='bbox 941 867 998 914; x_wconf 93' lang='lat' dir='ltr'>de</span> <span class='ocrx_word' id='word_1_85' title='bbox 1036 867 1158 913; x_wconf 78' lang='lat' dir='ltr'>cultu</span> <span class='ocrx_word' id='word_1_86' title='bbox 1189 863 1315 911; x_wconf 79' lang='lat' dir='ltr'>Isidis</span> 
     </span>
     <span class='ocr_line' id='line_1_13' title="bbox 39 929 1315 1013; baseline -0.016 -17"><span class='ocrx_word' id='word_1_87' title='bbox 39 947 164 1013; x_wconf 78' lang='lat' dir='ltr'>apud</span> <span class='ocrx_word' id='word_1_88' title='bbox 194 947 369 994; x_wconf 88' lang='lat' dir='ltr'>Suevos</span> <span class='ocrx_word' id='word_1_89' title='bbox 390 982 402 1004; x_wconf 89' lang='lat'>‚</span> <span class='ocrx_word' id='word_1_90' title='bbox 437 942 568 989; x_wconf 87' lang='lat' dir='ltr'>adeat</span> <span class='ocrx_word' id='word_1_91' title='bbox 605 940 682 988; x_wconf 88' lang='lat' dir='ltr'>Cl.</span> <span class='ocrx_word' id='word_1_92' title='bbox 713 938 769 986; x_wconf 88' lang='lat' dir='ltr'>de</span> <span class='ocrx_word' id='word_1_93' title='bbox 804 935 1051 993; x_wconf 85' lang='lat' dir='ltr'>Fontenu,</span> <span class='ocrx_word' id='word_1_94' title='bbox 1086 932 1167 997; x_wconf 88' lang='lat' dir='ltr'>qui</span> <span class='ocrx_word' id='word_1_95' title='bbox 1202 929 1315 977; x_wconf 80' lang='lat' dir='ltr'>duas</span> 
     </span>
     <span class='ocr_line' id='line_1_14' title="bbox 33 995 1319 1078; baseline -0.014 -17"><span class='ocrx_word' id='word_1_96' title='bbox 33 1013 133 1063; x_wconf 64' lang='lat' dir='ltr'>..hoc</span> <span class='ocrx_word' id='word_1_97' title='bbox 161 1013 216 1060; x_wconf 85' lang='lat' dir='ltr'>de</span> <span class='ocrx_word' id='word_1_98' title='bbox 236 1026 508 1078; x_wconf 81' lang='lat' dir='ltr'>argumento</span> <span class='ocrx_word' id='word_1_99' title='bbox 529 1004 854 1054; x_wconf 82' lang='lat' dir='ltr'>differtationes</span> <span class='ocrx_word' id='word_1_100' title='bbox 876 999 1043 1059; x_wconf 88' lang='lat' dir='ltr'>edidit,</span> <span class='ocrx_word' id='word_1_101' title='bbox 1068 995 1319 1062; x_wconf 76' lang='lat' dir='ltr'>Me‘moires</span> 
     </span>
     <span class='ocr_line' id='line_1_15' title="bbox 43 1061 1315 1141; baseline -0.014 -14"><span class='ocrx_word' id='word_1_102' title='bbox 43 1078 98 1128; x_wconf 85' lang='lat' dir='ltr'>de</span> <span class='ocrx_word' id='word_1_103' title='bbox 123 1076 404 1126; x_wconf 74' lang='lat' dir='ltr'>Z&#39;Acade‘mie</span> <span class='ocrx_word' id='word_1_104' title='bbox 426 1072 595 1141; x_wconf 79' lang='lat' dir='ltr'>Royale</span> <span class='ocrx_word' id='word_1_105' title='bbox 621 1070 698 1119; x_wconf 75' lang='lat' dir='ltr'>des</span> <span class='ocrx_word' id='word_1_106' title='bbox 722 1066 1020 1134; x_wconf 72' lang='lat' dir='ltr'>Inscriptions</span> <span class='ocrx_word' id='word_1_107' title='bbox 1037 1104 1054 1129; x_wconf 83' lang='lat'><strong>,</strong></span> <span class='ocrx_word' id='word_1_108' title='bbox 1083 1061 1227 1112; x_wconf 86' lang='lat' dir='ltr'>Tom.</span> <span class='ocrx_word' id='word_1_109' title='bbox 1247 1061 1315 1126; x_wconf 82' lang='lat' dir='ltr'>V,</span> 
     </span>
     <span class='ocr_line' id='line_1_16' title="bbox 40 1141 802 1212; baseline -0.014 -19"><span class='ocrx_word' id='word_1_110' title='bbox 40 1161 151 1212; x_wconf 83' lang='lat' dir='ltr'>pag.</span> <span class='ocrx_word' id='word_1_111' title='bbox 180 1152 234 1206; x_wconf 81' lang='lat'>63</span> <span class='ocrx_word' id='word_1_112' title='bbox 269 1150 312 1190; x_wconf 91' lang='lat'>&amp;</span> <span class='ocrx_word' id='word_1_113' title='bbox 336 1141 407 1207; x_wconf 77' lang='lat' dir='ltr'>seq</span> <span class='ocrx_word' id='word_1_114' title='bbox 450 1174 462 1187; x_wconf 93' lang='lat'>.</span> <span class='ocrx_word' id='word_1_115' title='bbox 799 1195 802 1197; x_wconf 15' lang='lat' dir='ltr'>v</span> 
     </span>
     <span class='ocr_line' id='line_1_17' title="bbox 34 1158 1315 1271; baseline -0.013 -11"><span class='ocrx_word' id='word_1_116' title='bbox 34 1243 39 1246; x_wconf 94' lang='lat'><em>-</em></span> <span class='ocrx_word' id='word_1_117' title='bbox 109 1208 359 1259; x_wconf 65' lang='lat' dir='ltr'>Adveeiam</span> <span class='ocrx_word' id='word_1_118' title='bbox 382 1158 662 1271; x_wconf 48' lang='lat' dir='ltr'>recligionem.</span> <span class='ocrx_word' id='word_1_119' title='bbox 692 1200 765 1248; x_wconf 86' lang='lat' dir='ltr'>Ut</span> <span class='ocrx_word' id='word_1_120' title='bbox 784 1199 987 1248; x_wconf 87' lang='lat' dir='ltr'>Romani</span> <span class='ocrx_word' id='word_1_121' title='bbox 1011 1196 1062 1246; x_wconf 90' lang='lat' dir='ltr'>in</span> <span class='ocrx_word' id='word_1_122' title='bbox 1086 1193 1315 1248; x_wconf 64' lang='lat' dir='ltr'>veteribus</span> 
     </span>
     <span class='ocr_line' id='line_1_18' title="bbox 0 1262 1313 1337; baseline -0.012 -10"><span class='ocrx_word' id='word_1_123' title='bbox 0 1285 1 1289; x_wconf 76' lang='grc'>’</span> <span class='ocrx_word' id='word_1_124' title='bbox 37 1274 124 1326; x_wconf 85' lang='lat' dir='ltr'>fuis</span> <span class='ocrx_word' id='word_1_125' title='bbox 147 1278 345 1324; x_wconf 87' lang='lat' dir='ltr'>nummis</span> <span class='ocrx_word' id='word_1_126' title='bbox 372 1274 493 1321; x_wconf 84' lang='lat' dir='ltr'>aereis</span> <span class='ocrx_word' id='word_1_127' title='bbox 513 1309 526 1331; x_wconf 89' lang='lat'>‚</span> <span class='ocrx_word' id='word_1_128' title='bbox 563 1271 643 1337; x_wconf 91' lang='lat' dir='ltr'>qui</span> <span class='ocrx_word' id='word_1_129' title='bbox 669 1268 843 1316; x_wconf 82' lang='lat' dir='ltr'>exstant</span> <span class='ocrx_word' id='word_1_130' title='bbox 866 1266 1054 1331; x_wconf 88' lang='lat' dir='ltr'>plu-rimi</span> <span class='ocrx_word' id='word_1_131' title='bbox 1070 1300 1084 1324; x_wconf 90' lang='lat'><strong>,</strong></span> <span class='ocrx_word' id='word_1_132' title='bbox 1125 1262 1313 1311; x_wconf 78' lang='lat' dir='ltr'>Saturni</span> 
     </span>
     <span class='ocr_line' id='line_1_19' title="bbox 39 1325 1315 1405; baseline -0.011 -14"><span class='ocrx_word' id='word_1_133' title='bbox 39 1341 284 1390; x_wconf 85' lang='lat' dir='ltr'>adventum</span> <span class='ocrx_word' id='word_1_134' title='bbox 310 1341 459 1405; x_wconf 87' lang='lat' dir='ltr'>puppi</span> <span class='ocrx_word' id='word_1_135' title='bbox 492 1337 633 1385; x_wconf 86' lang='lat' dir='ltr'>testati</span> <span class='ocrx_word' id='word_1_136' title='bbox 659 1332 759 1381; x_wconf 89' lang='lat' dir='ltr'>sunt</span> <span class='ocrx_word' id='word_1_137' title='bbox 779 1371 793 1393; x_wconf 84' lang='lat'><strong><em>,</em></strong></span> <span class='ocrx_word' id='word_1_138' title='bbox 836 1331 896 1379; x_wconf 88' lang='lat' dir='ltr'>fic</span> <span class='ocrx_word' id='word_1_139' title='bbox 929 1332 1027 1379; x_wconf 86' lang='lat' dir='ltr'>aliae</span> <span class='ocrx_word' id='word_1_140' title='bbox 1058 1344 1218 1395; x_wconf 85' lang='lat' dir='ltr'>gentes</span> <span class='ocrx_word' id='word_1_141' title='bbox 1248 1325 1315 1377; x_wconf 70' lang='lat' dir='ltr'>ad</span> 
     </span>
     <span class='ocr_line' id='line_1_20' title="bbox 39 1391 1310 1470; baseline -0.013 -13"><span class='ocrx_word' id='word_1_142' title='bbox 39 1405 83 1456; x_wconf 81' lang='lat' dir='ltr'>se</span> <span class='ocrx_word' id='word_1_143' title='bbox 121 1407 332 1456; x_wconf 66' lang='lat' dir='ltr'>adveftas</span> <span class='ocrx_word' id='word_1_144' title='bbox 377 1405 624 1470; x_wconf 80' lang='lat' dir='ltr'>religiones</span> <span class='ocrx_word' id='word_1_145' title='bbox 668 1397 847 1448; x_wconf 63' lang='lat' dir='ltr'>liburna</span> <span class='ocrx_word' id='word_1_146' title='bbox 886 1398 935 1445; x_wconf 88' lang='lat' dir='ltr'>in</span> <span class='ocrx_word' id='word_1_147' title='bbox 978 1396 1179 1446; x_wconf 82' lang='lat' dir='ltr'>nummis</span> <span class='ocrx_word' id='word_1_148' title='bbox 1220 1391 1310 1442; x_wconf 76' lang='lat' dir='ltr'>suis</span> 
     </span>
     <span class='ocr_line' id='line_1_21' title="bbox 38 1471 724 1540; baseline -0.013 -17"><span class='ocrx_word' id='word_1_149' title='bbox 38 1473 244 1540; x_wconf 61' lang='lat' dir='ltr'>expressa</span> <span class='ocrx_word' id='word_1_150' title='bbox 275 1472 392 1538; x_wconf 86' lang='lat' dir='ltr'>saepe</span> <span class='ocrx_word' id='word_1_151' title='bbox 424 1471 724 1519; x_wconf 86' lang='lat' dir='ltr'>declaravere.</span> 
     </span>
     <span class='ocr_line' id='line_1_22' title="bbox 38 1526 1310 1589; baseline -0.014 2"><span class='ocrx_word' id='word_1_152' title='bbox 38 1568 46 1576; x_wconf 87' lang='lat'><strong>·</strong></span> <span class='ocrx_word' id='word_1_153' title='bbox 101 1539 417 1589; x_wconf 73' lang='lat' dir='ltr'>Arbitrantur.</span> <span class='ocrx_word' id='word_1_154' title='bbox 460 1536 622 1584; x_wconf 86' lang='lat' dir='ltr'>Postea</span> <span class='ocrx_word' id='word_1_155' title='bbox 653 1551 750 1581; x_wconf 90' lang='lat' dir='ltr'>non</span> <span class='ocrx_word' id='word_1_156' title='bbox 783 1528 983 1579; x_wconf 87' lang='lat' dir='ltr'>arbitrati</span> <span class='ocrx_word' id='word_1_157' title='bbox 1015 1526 1149 1589; x_wconf 83' lang='lat' dir='ltr'>sunt3</span> <span class='ocrx_word' id='word_1_158' title='bbox 1186 1541 1310 1575; x_wconf 72' lang='lat' dir='ltr'>tem-</span> 
     </span>
     <span class='ocr_line' id='line_1_23' title="bbox 73 1594 1320 1673; baseline -0.013 -19"><span class='ocrx_word' id='word_1_159' title='bbox 73 1607 206 1673; x_wconf 85' lang='lat' dir='ltr'>laque</span> <span class='ocrx_word' id='word_1_160' title='bbox 239 1613 283 1653; x_wconf 67' lang='grc' dir='ltr'>ὃς</span> <span class='ocrx_word' id='word_1_161' title='bbox 312 1606 474 1652; x_wconf 83' lang='lat' dir='ltr'>statuas</span> <span class='ocrx_word' id='word_1_162' title='bbox 510 1601 603 1648; x_wconf 84' lang='lat' dir='ltr'>deis</span> <span class='ocrx_word' id='word_1_163' title='bbox 637 1603 723 1647; x_wconf 81' lang='lat' dir='ltr'>suis</span> <span class='ocrx_word' id='word_1_164' title='bbox 759 1595 966 1662; x_wconf 86' lang='lat' dir='ltr'>posuere.</span> <span class='ocrx_word' id='word_1_165' title='bbox 1022 1594 1078 1641; x_wconf 94' lang='lat' dir='ltr'>In</span> <span class='ocrx_word' id='word_1_166' title='bbox 1110 1609 1320 1640; x_wconf 87' lang='lat' dir='ltr'>nummo·</span> 
     </span>
     <span class='ocr_line' id='line_1_24' title="bbox 35 1624 1306 1737; baseline -0.012 -17"><span class='ocrx_word' id='word_1_167' title='bbox 35 1624 278 1731; x_wconf 50' lang='lat' dir='ltr'>{091qu</span> <span class='ocrx_word' id='word_1_168' title='bbox 325 1686 461 1737; x_wconf 87' lang='lat' dir='ltr'>quem</span> <span class='ocrx_word' id='word_1_169' title='bbox 507 1666 753 1730; x_wconf 81' lang='lat' dir='ltr'>publicavit</span> <span class='ocrx_word' id='word_1_170' title='bbox 791 1661 988 1710; x_wconf 84' lang='lat' dir='ltr'>eruditus</span> <span class='ocrx_word' id='word_1_171' title='bbox 1030 1658 1306 1708; x_wconf 80' lang='lat' dir='ltr'>Sirmondus</span> 
     </span>
    </p>
   </div>
   <div class='ocr_carea' id='block_1_2' title="bbox 31 1725 1308 1864">
    <p class='ocr_par' dir='ltr' id='par_1_3' title="bbox 31 1725 1308 1864">
     <span class='ocr_line' id='line_1_25' title="bbox 33 1725 1307 1799; baseline -0.012 -14"><span class='ocrx_word' id='word_1_172' title='bbox 33 1738 83 1785; x_wconf 86' lang='lat' dir='ltr'>in</span> <span class='ocrx_word' id='word_1_173' title='bbox 116 1741 235 1786; x_wconf 81' lang='lat' dir='ltr'>notis</span> <span class='ocrx_word' id='word_1_174' title='bbox 273 1735 330 1784; x_wconf 84' lang='lat' dir='ltr'>ad</span> <span class='ocrx_word' id='word_1_175' title='bbox 364 1734 687 1799; x_wconf 83' lang='lat' dir='ltr'>Apollinarem</span> <span class='ocrx_word' id='word_1_176' title='bbox 730 1729 975 1778; x_wconf 85' lang='lat' dir='ltr'>Sidonium</span> <span class='ocrx_word' id='word_1_177' title='bbox 1006 1725 1124 1775; x_wconf 86' lang='lat' dir='ltr'>VIII</span> <span class='ocrx_word' id='word_1_178' title='bbox 1155 1765 1165 1784; x_wconf 89' lang='lat'>,</span> <span class='ocrx_word' id='word_1_179' title='bbox 1211 1742 1261 1771; x_wconf 88' lang='lat'>11</span> <span class='ocrx_word' id='word_1_180' title='bbox 1291 1761 1307 1784; x_wconf 87' lang='lat'>,</span> 
     </span>
     <span class='ocr_line' id='line_1_26' title="bbox 31 1789 1308 1864; baseline -0.013 -13"><span class='ocrx_word' id='word_1_181' title='bbox 31 1803 187 1851; x_wconf 70' lang='lat' dir='ltr'>videre</span> <span class='ocrx_word' id='word_1_182' title='bbox 217 1804 280 1850; x_wconf 90' lang='lat' dir='ltr'>est</span> <span class='ocrx_word' id='word_1_183' title='bbox 308 1801 529 1864; x_wconf 85' lang='lat' dir='ltr'>templum</span> <span class='ocrx_word' id='word_1_184' title='bbox 556 1837 568 1856; x_wconf 86' lang='lat'>,</span> <span class='ocrx_word' id='word_1_185' title='bbox 600 1801 648 1844; x_wconf 87' lang='lat' dir='ltr'>in</span> <span class='ocrx_word' id='word_1_186' title='bbox 677 1798 802 1853; x_wconf 80' lang='lat' dir='ltr'>cujus</span> <span class='ocrx_word' id='word_1_187' title='bbox 831 1794 1048 1840; x_wconf 88' lang='lat' dir='ltr'>vestibulo</span> <span class='ocrx_word' id='word_1_188' title='bbox 1075 1792 1157 1838; x_wconf 88' lang='lat' dir='ltr'>stat</span> <span class='ocrx_word' id='word_1_189' title='bbox 1178 1789 1308 1837; x_wconf 86' lang='lat' dir='ltr'>Her-</span> 
     </span>
    </p>
   </div>
   <div class='ocr_carea' id='block_1_3' title="bbox 33 1855 1306 2128">
    <p class='ocr_par' dir='ltr' id='par_1_4' title="bbox 33 1855 1306 2128">
     <span class='ocr_line' id='line_1_27' title="bbox 36 1855 1306 1929; baseline -0.009 -13"><span class='ocrx_word' id='word_1_190' title='bbox 36 1865 155 1917; x_wconf 78' lang='lat' dir='ltr'>cules</span> <span class='ocrx_word' id='word_1_191' title='bbox 176 1907 188 1929; x_wconf 86' lang='lat'>‚</span> <span class='ocrx_word' id='word_1_192' title='bbox 221 1885 325 1916; x_wconf 86' lang='lat' dir='ltr'>cum</span> <span class='ocrx_word' id='word_1_193' title='bbox 345 1862 597 1929; x_wconf 76' lang='lat' dir='ltr'>epioraphe</span> <span class='ocrx_word' id='word_1_194' title='bbox 616 1860 815 1913; x_wconf 80' lang='lat' dir='ltr'>HERC.</span> <span class='ocrx_word' id='word_1_195' title='bbox 834 1855 1306 1907; x_wconf 83' lang='lat' dir='ltr'>DEVSONIENSI.</span> 
     </span>
     <span class='ocr_line' id='line_1_28' title="bbox 36 1905 1306 1994; baseline -0.013 -11"><span class='ocrx_word' id='word_1_196' title='bbox 36 1934 90 1983; x_wconf 86' lang='lat' dir='ltr'>Id</span> <span class='ocrx_word' id='word_1_197' title='bbox 121 1936 180 1982; x_wconf 77' lang='lat' dir='ltr'>est</span> <span class='ocrx_word' id='word_1_198' title='bbox 206 1932 394 1984; x_wconf 75' lang='lat' dir='ltr'>Herculi</span> <span class='ocrx_word' id='word_1_199' title='bbox 423 1905 758 1994; x_wconf 45' lang='lat' dir='ltr'>ffienssnienfi,</span> <span class='ocrx_word' id='word_1_200' title='bbox 793 1927 871 1992; x_wconf 84' lang='lat' dir='ltr'>qui</span> <span class='ocrx_word' id='word_1_201' title='bbox 902 1922 1120 1972; x_wconf 83' lang='lat' dir='ltr'>Deusone</span> <span class='ocrx_word' id='word_1_202' title='bbox 1145 1960 1156 1981; x_wconf 85' lang='grc'>,</span> <span class='ocrx_word' id='word_1_203' title='bbox 1183 1938 1306 1970; x_wconf 80' lang='lat' dir='ltr'>trans</span> 
     </span>
     <span class='ocr_line' id='line_1_29' title="bbox 36 1986 1304 2060; baseline -0.011 -11"><span class='ocrx_word' id='word_1_204' title='bbox 36 2000 254 2055; x_wconf 72' lang='lat' dir='ltr'>Rhenum</span> <span class='ocrx_word' id='word_1_205' title='bbox 278 2039 291 2060; x_wconf 57' lang='lat'><strong><em>7</em></strong></span> <span class='ocrx_word' id='word_1_206' title='bbox 339 1997 584 2045; x_wconf 74' lang='lat' dir='ltr'>colebatur.</span> <span class='ocrx_word' id='word_1_207' title='bbox 633 1995 784 2041; x_wconf 85' lang='lat' dir='ltr'>Immo</span> <span class='ocrx_word' id='word_1_208' title='bbox 826 1989 1034 2051; x_wconf 72' lang='lat' dir='ltr'>templum</span> <span class='ocrx_word' id='word_1_209' title='bbox 1071 1986 1304 2050; x_wconf 73' lang='lat' dir='ltr'>Tanfanae</span> 
     </span>
     <span class='ocr_line' id='line_1_30' title="bbox 33 2053 1304 2128; baseline -0.013 -12"><span class='ocrx_word' id='word_1_210' title='bbox 33 2068 312 2116; x_wconf 75' lang='lat' dir='ltr'>memoratur</span> <span class='ocrx_word' id='word_1_211' title='bbox 323 2062 454 2128; x_wconf 55' lang='lat' dir='ltr'>suprri</span> <span class='ocrx_word' id='word_1_212' title='bbox 467 2060 671 2110; x_wconf 87' lang='lat' dir='ltr'>Annal.I</span> <span class='ocrx_word' id='word_1_213' title='bbox 686 2098 699 2120; x_wconf 86' lang='lat'>‚</span> <span class='ocrx_word' id='word_1_214' title='bbox 725 2075 800 2120; x_wconf 85' lang='lat'>51.</span> <span class='ocrx_word' id='word_1_215' title='bbox 819 2056 942 2107; x_wconf 87' lang='lat' dir='ltr'>Vide</span> <span class='ocrx_word' id='word_1_216' title='bbox 956 2053 1073 2104; x_wconf 64' lang='lat' dir='ltr'>infra</span> <span class='ocrx_word' id='word_1_217' title='bbox 1094 2071 1196 2119; x_wconf 87' lang='lat' dir='ltr'>cap.</span> <span class='ocrx_word' id='word_1_218' title='bbox 1213 2072 1276 2112; x_wconf 81' lang='lat'>44</span> <span class='ocrx_word' id='word_1_219' title='bbox 1289 2091 1304 2114; x_wconf 87' lang='lat'><strong>,</strong></span> 
     </span>
    </p>
   </div>
   <div class='ocr_carea' id='block_1_4' title="bbox 34 2132 1305 2247">
    <p class='ocr_par' dir='ltr' id='par_1_5' title="bbox 34 2132 1305 2247">
     <span class='ocr_line' id='line_1_31' title="bbox 34 2132 529 2198; baseline -0.014 -17"><span class='ocrx_word' id='word_1_220' title='bbox 34 2134 257 2198; x_wconf 83' lang='lat' dir='ltr'>templum</span> <span class='ocrx_word' id='word_1_221' title='bbox 286 2132 529 2180; x_wconf 80' lang='lat' dir='ltr'>Suionum.</span> 
     </span>
     <span class='ocr_line' id='line_1_32' title="bbox 35 2183 1305 2247; baseline -0.016 2"><span class='ocrx_word' id='word_1_222' title='bbox 35 2231 38 2234; x_wconf 59' lang='lat'><strong>&gt;</strong></span> <span class='ocrx_word' id='word_1_223' title='bbox 97 2199 252 2247; x_wconf 81' lang='lat' dir='ltr'>Lucos</span> <span class='ocrx_word' id='word_1_224' title='bbox 274 2214 329 2246; x_wconf 82' lang='lat' dir='ltr'>ac</span> <span class='ocrx_word' id='word_1_225' title='bbox 353 2210 552 2244; x_wconf 77' lang='lat' dir='ltr'>nemora.</span> <span class='ocrx_word' id='word_1_226' title='bbox 587 2191 761 2241; x_wconf 86' lang='lat' dir='ltr'>Silvam</span> <span class='ocrx_word' id='word_1_227' title='bbox 779 2186 975 2235; x_wconf 81' lang='lat' dir='ltr'>Herculi</span> <span class='ocrx_word' id='word_1_228' title='bbox 995 2184 1163 2233; x_wconf 84' lang='lat' dir='ltr'>sacram</span> <span class='ocrx_word' id='word_1_229' title='bbox 1186 2183 1305 2231; x_wconf 85' lang='lat' dir='ltr'>vidi-</span> 
     </span>
    </p>
   </div>
   <div class='ocr_carea' id='block_1_5' title="bbox 3 2251 1303 2528">
    <p class='ocr_par' dir='ltr' id='par_1_6' title="bbox 3 2251 1303 2528">
     <span class='ocr_line' id='line_1_33' title="bbox 31 2251 1303 2331; baseline -0.016 -16"><span class='ocrx_word' id='word_1_230' title='bbox 31 2282 131 2313; x_wconf 87' lang='lat' dir='ltr'>mus</span> <span class='ocrx_word' id='word_1_231' title='bbox 163 2264 295 2331; x_wconf 69' lang='lat' dir='ltr'>supra</span> <span class='ocrx_word' id='word_1_232' title='bbox 334 2262 505 2312; x_wconf 85' lang='lat' dir='ltr'>Annal.</span> <span class='ocrx_word' id='word_1_233' title='bbox 544 2258 618 2318; x_wconf 86' lang='lat' dir='ltr'>II,</span> <span class='ocrx_word' id='word_1_234' title='bbox 657 2274 749 2318; x_wconf 79' lang='lat'>123</span> <span class='ocrx_word' id='word_1_235' title='bbox 789 2256 942 2302; x_wconf 85' lang='lat' dir='ltr'>lucum</span> <span class='ocrx_word' id='word_1_236' title='bbox 973 2251 1266 2300; x_wconf 80' lang='lat' dir='ltr'>Baduhennae</span> <span class='ocrx_word' id='word_1_237' title='bbox 1289 2287 1303 2309; x_wconf 84' lang='lat'><strong>,</strong></span> 
     </span>
     <span class='ocr_line' id='line_1_34' title="bbox 33 2316 1302 2392; baseline -0.014 -12"><span class='ocrx_word' id='word_1_238' title='bbox 33 2331 206 2381; x_wconf 84' lang='lat' dir='ltr'>Annal.</span> <span class='ocrx_word' id='word_1_239' title='bbox 230 2330 317 2389; x_wconf 85' lang='lat' dir='ltr'>IV,</span> <span class='ocrx_word' id='word_1_240' title='bbox 348 2347 405 2392; x_wconf 77' lang='lat'>73</span> <span class='ocrx_word' id='word_1_241' title='bbox 439 2347 452 2390; x_wconf 78' lang='lat'>3</span> <span class='ocrx_word' id='word_1_242' title='bbox 494 2342 653 2374; x_wconf 81' lang='lat' dir='ltr'>nemus</span> <span class='ocrx_word' id='word_1_243' title='bbox 694 2321 869 2370; x_wconf 86' lang='lat' dir='ltr'>sacrum</span> <span class='ocrx_word' id='word_1_244' title='bbox 891 2358 903 2381; x_wconf 85' lang='lat'>‚</span> <span class='ocrx_word' id='word_1_245' title='bbox 937 2318 1055 2366; x_wconf 79' lang='lat' dir='ltr'>Hist.</span> <span class='ocrx_word' id='word_1_246' title='bbox 1090 2316 1188 2376; x_wconf 85' lang='lat' dir='ltr'>IV,</span> <span class='ocrx_word' id='word_1_247' title='bbox 1227 2333 1302 2373; x_wconf 88' lang='lat'>14.</span> 
     </span>
     <span class='ocr_line' id='line_1_35' title="bbox 3 2381 1300 2459; baseline -0.015 -12"><span class='ocrx_word' id='word_1_248' title='bbox 3 2397 176 2446; x_wconf 76' lang='lat' dir='ltr'>&#39;Silvas</span> <span class='ocrx_word' id='word_1_249' title='bbox 199 2437 211 2457; x_wconf 84' lang='lat'>‚</span> <span class='ocrx_word' id='word_1_250' title='bbox 249 2398 476 2459; x_wconf 67' lang='lat' dir='ltr'>religione</span> <span class='ocrx_word' id='word_1_251' title='bbox 511 2408 674 2440; x_wconf 80' lang='lat' dir='ltr'>vacuas</span> <span class='ocrx_word' id='word_1_252' title='bbox 704 2428 716 2450; x_wconf 85' lang='lat'>,</span> <span class='ocrx_word' id='word_1_253' title='bbox 762 2387 1078 2451; x_wconf 80' lang='lat' dir='ltr'>voluptatique</span> <span class='ocrx_word' id='word_1_254' title='bbox 1107 2381 1300 2430; x_wconf 82' lang='lat' dir='ltr'>redditas</span> 
     </span>
     <span class='ocr_line' id='line_1_36' title="bbox 23 2448 1303 2528; baseline -0.011 -19"><span class='ocrx_word' id='word_1_255' title='bbox 23 2463 282 2528; x_wconf 62' lang='lat' dir='ltr'>‘gratulatur</span> <span class='ocrx_word' id='word_1_256' title='bbox 312 2461 594 2511; x_wconf 77' lang='lat' dir='ltr'>Claudianus</span> <span class='ocrx_word' id='word_1_257' title='bbox 613 2497 628 2521; x_wconf 79' lang='grc'>,</span> <span class='ocrx_word' id='word_1_258' title='bbox 667 2456 722 2506; x_wconf 86' lang='lat' dir='ltr'>de</span> <span class='ocrx_word' id='word_1_259' title='bbox 756 2453 962 2505; x_wconf 83' lang='lat' dir='ltr'>laudibus</span> <span class='ocrx_word' id='word_1_260' title='bbox 990 2451 1222 2501; x_wconf 80' lang='lat' dir='ltr'>Stiliconis</span> <span class='ocrx_word' id='word_1_261' title='bbox 1249 2448 1303 2508; x_wconf 79' lang='lat' dir='ltr'>I,</span> 
     </span>
    </p>
   </div>
   <div class='ocr_carea' id='block_1_6' title="bbox 36 2533 1136 2631">
    <p class='ocr_par' dir='ltr' id='par_1_7' title="bbox 36 2533 1136 2631">
     <span class='ocr_line' id='line_1_37' title="bbox 36 2533 145 2580; baseline 0 -5"><span class='ocrx_word' id='word_1_262' title='bbox 36 2533 145 2580; x_wconf 76' lang='lat'>228.</span> 
     </span>
     <span class='ocr_line' id='line_1_38' title="bbox 1034 2583 1136 2631; baseline 0 -1"><span class='ocrx_word' id='word_1_263' title='bbox 1034 2583 1056 2630; x_wconf 82' lang='lat' dir='ltr'>I</span> <span class='ocrx_word' id='word_1_264' title='bbox 1091 2583 1136 2631; x_wconf 77' lang='lat' dir='ltr'>iv</span> 
     </span>
    </p>
   </div>
  </div>
 </body>
</html>
