1663 2958
233 210 552 271 DtAtoous
601 230 672 268 nr
723 232 1140 277 onata-omnus..
1226 240 1337 303 105

73 307 278 368 oblitus
313 357 329 382 ‚
383 307 601 369 tantum
661 312 947 372 Catonem
1011 316 1297 398 cogitasset
1318 368 1339 395 ‚

71 390 246 472 eaque
277 393 348 450 de
383 415 441 452 re
474 412 572 473 per
597 393 818 452 Urbem
855 393 1116 477 frequens
1150 399 1335 465 sermo

66 474 364 533 haberetur
386 522 403 547 ‚
447 494 719 534 venerunt
755 476 827 535 ad
862 501 993 538 eum
1029 486 1118 541 M.
1144 489 1335 563 Aper,

65 564 125 615 &
174 559 349 617 Julius
399 561 672 617 Secundus
704 602 729 627 ,
789 561 1154 625 celeberrima
1207 589 1333 630 tum

57 637 286 720 ingenia
325 638 436 699 fori
475 643 681 703 nostri:
723 665 864 722 quos
894 667 1000 727 ego
1030 647 1088 706 in
1111 651 1332 729 judiciis

54 743 170 780 non
207 722 465 804 utrosque
500 725 675 786 modo
713 726 949 787 studiose
984 731 1283 794 audiebam
1306 784 1332 811 ,

52 802 147 863 sed
165 804 324 864 domi
341 831 567 890 quoque
586 809 718 870 &in
733 809 961 890 publico
981 812 1326 891 adsectabar,

52 885 192 945 mira
232 890 540 951 studiorum
578 893 887 975 cupiditate
912 941 930 968 ,
971 903 1029 955 &
1069 899 1326 977 quodam

50 971 246 1032 ardore
286 976 564 1053 juvenili,
607 999 673 1035 ut
706 974 919 1036 fabulas
955 1002 1181 1061 quoque
1222 1006 1325 1043 eo-

46 1074 171 1112 rum
191 1102 207 1127 ‚
244 1064 301 1116 &
325 1056 723 1140 disputationes
742 1108 760 1132 ,
798 1069 856 1120 &
874 1083 1071 1122 arcana
1090 1062 1322 1127 semotae

45 1135 305 1198 dictionis
358 1143 578 1223 penitus
629 1143 942 1225 exciperem
985 1170 1003 1203 ε·
1060 1152 1322 1228 quamvis

43 1219 291 1303 maligne
340 1223 593 1306 plerique
635 1227 996 1308 opinarentur
1021 1275 1040 1300 ‚
1080 1253 1185 1290 nec
1223 1236 1321 1294 Se-

42 1304 230 1362 cundo
285 1328 612 1390 promptum
668 1307 774 1369 effe
827 1308 1150 1371 sermonem
1182 1361 1206 1386 ,,
1254 1326 1316 1377 &

39 1385 257 1467 Aprum
280 1389 509 1469 ingenio
528 1389 710 1473 potius
731 1400 788 1451 δε
805 1393 859 1451 vi
877 1413 1082 1453 naturae
1099 1443 1116 1469 ,
1136 1398 1312 1478 quam

37 1468 378 1531 institutione
418 1483 476 1535 &
514 1474 687 1533 literis
722 1472 936 1534 famam
973 1477 1311 1559 eloquentia:

35 1552 411 1614 consecutum.
455 1559 605 1616 Nam
634 1567 692 1618 &
721 1559 979 1618 Secundo
1012 1585 1208 1642 purus,
1247 1574 1310 1626 δε

32 1636 237 1718 preffus
260 1685 275 1709 ,
309 1647 366 1697 &
390 1685 407 1709 ,
444 1641 503 1698 in
530 1661 805 1721 quan-tum
833 1641 956 1701 satis
986 1666 1102 1704 erat
1124 1693 1141 1717 ‚
1180 1670 1312 1730 pro«

31 1718 207 1779 fluens
245 1720 428 1780 sermo
463 1746 578 1783 non
613 1723 833 1784 defuit:
872 1734 929 1785 ὃς
959 1725 1113 1807 Aper
1141 1753 1309 1792 com-

30 1805 192 1861 muni
226 1804 539 1865 eruditione
574 1807 824 1866 imbutus
848 1855 866 1880 ,
899 1815 1310 1876 contemnebat

29 1885 211 1968 potius
239 1886 423 1947 literas
451 1889 621 1969 quam
649 1889 930 1950 nesciebat
950 1938 975 1963 ‚a
1005 1914 1303 1976 tamquam

27 1975 306 2048 majorem
366 1973 639 2032 industriae
687 1983 745 2035 &
794 1974 997 2034 laboris
1055 1977 1297 2061 gloriam

25 2051 310 2113 habiturus
327 2102 344 2126 ,
379 2054 418 2112 fi
439 2056 731 2139 ingenium
755 2066 869 2139 ejus
893 2058 1058 2119 nullis
1084 2061 1300 2123 aliena-

24 2157 152 2196 rum
179 2139 384 2197 artium
413 2138 767 2200 adminiculis
797 2142 964 2200 inniti
991 2144 1296 2208 videretur.

22 2220 198 2301 Igitur
219 2243 280 2281 ut
308 2224 636 2284 intravimus
660 2225 978 2284 cubiculum
1002 2229 1298 2304 Materni,

21 2301 312 2365 sedentem
343 2305 521 2389 ipsum
542 2356 559 2380 ,
594 2317 651 2368 &
681 2332 851 2390 quem
882 2310 1059 2390 pridie
1088 2313 1296 2372 recita-

20 2408 176 2446 verat
201 2436 216 2460 ,
260 2390 467 2449 librum
508 2391 653 2451 intra
698 2415 897 2451 man-us
937 2393 1243 2455 habentem
1265 2444 1293 2470 ‚2

19 2469 509 2550 deprehendimus·
805 2496 808 2497 ’

101 2557 200 2612 III.
223 2557 371 2614 TUM
391 2560 662 2615 Secundus
688 2582 706 2616 :
734 2557 830 2616 Nil
855 2582 926 2620 ne
950 2580 1004 2620 te
1021 2609 1037 2633 ,
1065 2561 1289 2642 inquitvg

18 2635 323 2719 Materne,
364 2638 562 2703 fabulae
606 2641 986 2727 malignorum
1031 2665 1289 2730 terrent?

926 2729 973 2789 E
1005 2751 1042 2813 V.
