1663 2958
267 130 392 192 402·
581 109 673 171 IN
737 111 1262 175 D1A10GUM‘

334 208 565 275 Adversus
596 226 770 262 tutores
790 211 918 278 suos.
973 211 1315 262 Demosthenes
1344 250 1357 274 ,
1400 228 1550 264 annos

272 278 442 344 septem
483 294 613 327 natus
648 318 662 338 ,
709 296 889 345 patrem
944 279 1091 328 amifit
1126 299 1137 328 :
1187 296 1354 328 tutores
1395 279 1552 329 habuit

268 344 530 410 Aphobum
553 383 566 406 ‚
611 345 955 412 Tlierippidern
982 386 995 407 ,
1036 353 1081 396 &
1125 346 1551 412 Demophontem3

269 428 388 478 quos
403 450 415 472 ‚
443 410 549 459 crim
566 429 663 461 rem
682 414 962 479 pupillarem
983 412 1083 462 suos
1102 415 1151 462 in
1178 412 1277 461 usus
1297 412 1553 474 vertissent,

268 477 391 527 male
406 477 726 529 administratae
742 482 888 530 tutelae
904 478 1150 542 accusavit,
1166 479 1357 548 reosque
1371 482 1551 545 peregit

265 562 394 594 anno
435 547 572 594 aetatis
607 546 691 595 suae
730 545 1127 614 septimodecimo.
1180 546 1367 595 Exstant
1401 545 1552 594 adhuc

274 626 360 661 tres
381 613 475 675 ejus
491 614 722 662 orationes
737 612 948 664 adversus
963 614 1237 681 Aphobum.
1248 612 1557 663 Demosthen.

269 695 383 746 pag-
408 684 496 739 895
529 685 571 727 &
592 678 721 748 seqq.
1284 693 1286 695 “

340 743 765 797 Circumdederunt.
801 747 878 796 Sic
902 744 1035 812 supra}
1065 749 1114 796 in
1137 746 1235 798 Vit.
1258 745 1421 814 Agric.
1437 740 1555 794 XX.

269 809 527 879 Egregium
551 811 728 877 famam
762 815 868 875 paci
905 812 1216 865 circumdedit.

335 876 543 944 Exstirir.
576 879 789 929 Placebat
811 879 972 946 Lipfio
989 918 1001 940 ,
1033 878 1214 947 essfistit.

335 943 406 994 Eo
440 945 606 995 acrior.
646 945 717 995 Eo
753 948 902 994 acrior
936 947 998 994 est
1034 964 1222 1006 orator,
1259 945 1336 1011 qui
1371 959 1554 1011 pugnas

268 1008 372 1060 illas
409 1009 588 1077 asperas
624 1013 702 1061 fibi
737 1010 1066 1078 desumpserit,
1102 1014 1229 1062 tanto
1256 1011 1390 1059 altior
1417 1011 1480 1059 est
1509 1016 1555 1057 &

273 1076 528 1140 excelfior3
565 1085 610 1128 &
640 1081 728 1129 illis
766 1078 1027 1128 nobilitatus
1060 1078 1326 1128 criminibus
1346 1116 1359 1138 ‚
1394 1074 1557 1126 melius

271 1143 606 1196 discriminibus
623 1186 635 1208 ,
668 1150 716 1196 in
744 1164 824 1195 ore
846 1145 1092 1195 hominum
1120 1149 1244 1214 agit,
1278 1162 1479 1211 quorum
1501 1158 1557 1191 ea

272 1214 338 1261 est
363 1229 524 1262 natura
540 1253 554 1276 ,
589 1231 637 1264 ut
659 1231 751 1264 tuta
775 1212 992 1280 spernant
1009 1254 1022 1275 ‚
1057 1213 1211 1263 secura
1233 1214 1390 1262 velint.
1430 1209 1559 1258 Tuta

272 1278 514 1340 dicuntur,
549 1299 649 1350 quae
677 1280 775 1331 sunt
799 1280 891 1329 fine
921 1279 1179 1330 discrimine
1196 1321 1210 1343 ,
1239 1278 1394 1328 secura
1412 1316 1425 1338 ‚
1450 1294 1557 1344 quae

272 1362 378 1396 cum
424 1345 698 1398 discrimine.
763 1346 1043 1415 Legendum
1086 1344 1421 1414 discriminibus
1459 1345 1559 1409 jam

272 1430 497 1465 monuere
527 1415 712 1480 Lipsius
745 1420 789 1462 &
821 1415 1016 1463 Latinus
1044 1415 1271 1464 Latinius.

338 1545 467 1594 CAP.
492 1543 783 1594 XXXVIII.
820 1543 988 1605 Aptior
1018 1542 1078 1609 est
1098 1541 1321 1601 veritati,
1353 1542 1560 1606 eloquen-

270 1610 386 1662 tiam
406 1626 574 1661 tamen.
609 1609 796 1658 Locum
818 1608 942 1659 hunc
964 1611 1142 1675 optime
1166 1609 1353 1658 restituit
1374 1607 1559 1658 Rodoi-

273 1677 393 1746 phus
417 1677 644 1746 Agricola
664 1695 677 1739 3
713 1675 961 1745 faventque
983 1674 1088 1724 Mff.
1111 1674 1266 1726 Vatic.

341 1744 476 1795 Intra
490 1743 780 1812 pauciffimas
797 1744 944 1796 horas,
977 1744 1054 1792 Sic
1075 1783 1087 1804 ,
1119 1741 1223 1792 curn
1245 1741 1420 1796 Julium
1443 1740 1559 1791 Bas-

273 1810 404 1874 sum,
440 1811 801 1879 repetundarum
844 1830 972 1861 reum
994 1850 1005 1871 ,
1045 1809 1308 1858 defenderet
1348 1807 1557 1872 Plinius,

275 1897 300 1929 e
331 1879 430 1945 Iege
461 1879 691 1943 accufiztor
707 1879 796 1944 sex
828 1878 963 1929 horas
991 1917 1005 1940 ‚
1039 1894 1196 1926 novem
1221 1893 1326 1926 reus
1349 1878 1562 1942 accepit,

273 1944 396 1994 Plin.
413 1945 502 2006 IV,
524 1944 614 2011 Ep.
630 1963 678 2003 9.
708 1943 843 1994 Adeo
867 1947 961 2009 jani
982 1944 1322 2009 circumscripta
1343 1959 1470 1991 erant
1488 1943 1561 1992 di-

273 2012 408 2062 cendi
427 2028 664 2078 tempora3
683 2030 783 2079 quae
800 2015 959 2078 postea
977 2014 1126 2078 magis
1141 2010 1292 2060 adhuc
1311 2012 1561 2059 coarciata.

273 2079 329 2127 Id
360 2082 564 2146 queritur
591 2078 767 2128 Plinius
795 2079 868 2129 VI
887 2119 899 2141 ,
933 2079 1025 2145 Ep.
1051 2099 1095 2126 2.
1148 2077 1384 2127 Increbuic
1405 2076 1562 2144 paffim

272 2143 328 2195 ff
351 2145 548 2196 invaluit
572 2145 838 2211 confitetudo
862 2185 878 2204 ,
909 2144 1041 2195 binas
1064 2143 1365 2212 velfingulas
1387 2142 1561 2212 clepsy-

272 2211 385 2262 dras
404 2212 629 2263 interdum
655 2213 703 2264 ὓ·
731 2212 976 2274 dimidias,
1005 2209 1055 2262 &2
1080 2211 1260 2275 dandi,
1291 2210 1341 2262 ὃ*
1358 2210 1561 2276 petendi.

274 2279 405 2330 Nam
427 2278 477 2331 ff
501 2280 575 2346 qui
598 2280 758 2330 dicunt
776 2320 792 2340 ,
827 2280 957 2348 egiffe
978 2279 1154 2329 malunt
1173 2318 1189 2339 ,
1225 2283 1358 2344 queim
1379 2296 1406 2328 α
1442 2296 1515 2328 ere
1532 2294 1558 2338 ‚⁶

277 2344 333 2396 δ’
370 2347 445 2410 qui
479 2346 672 2397 audiunt:
692 2385 709 2408 ,
732 2346 877 2415 finire
902 2387 919 2410 ‚
956 2348 1087 2413 queim
1124 2345 1349 2412 judicare.
1446 2361 1560 2395 anta

273 2414 560 2481 negligentia
579 2454 595 2475 ,
627 2431 755 2464 tanta
778 2412 946 2481 defidia
964 2452 979 2473 ,
1011 2427 1144 2463 tanta
1173 2413 1364 2478 denique
1391 2410 1563 2462 irreve-

274 2482 427 2531 rentia
444 2480 695 2547 studiorum
720 2480 1104 2547 periculorumque
1136 2480 1209 2548 est.
1256 2480 1336 2528 An
1368 2495 1452 2530 nos
1469 2479 1559 2545 fir-

272 2547 520 2607 pientiores
559 2549 807 2615 majoribus
837 2547 999 2615 nostris
1033 2550 1060 2598 ,ἓ
1115 2565 1198 2599 nos
1238 2546 1418 2614 legibus
1454 2544 1560 2612 ipsis

273 2612 478 2678 iustiores
495 2655 514 2680 ,
548 2634 648 2685 quae
670 2631 734 2670 cot
756 2615 892 2669 horas
911 2655 928 2684 ‚
961 2629 1025 2667 tot
1048 2614 1179 2679 dies,
1212 2629 1280 2666 coc
1304 2630 1561 2680 comperenff
