<?xml version="1.0" encoding="UTF-8"?>
<!DOCTYPE html PUBLIC "-//W3C//DTD XHTML 1.0 Transitional//EN"
    "http://www.w3.org/TR/xhtml1/DTD/xhtml1-transitional.dtd">
<html xmlns="http://www.w3.org/1999/xhtml" xml:lang="en" lang="en">
 <head>
  <title>
</title>
<meta http-equiv="Content-Type" content="text/html;charset=utf-8" />
  <meta name='ocr-system' content='tesseract 3.04.00' />
  <meta name='ocr-capabilities' content='ocr_page ocr_carea ocr_par ocr_line ocrx_word'/>
</head>
<body>
  <div class='ocr_page' id='page_1' title='image "./ccorneliitacitio06taci_0395.png"; bbox 0 0 1663 2958; ppageno 0'>
   <div class='ocr_carea' id='block_1_1' title="bbox 165 129 1328 226">
    <p class='ocr_par' dir='ltr' id='par_1_1' title="bbox 165 129 1328 226">
     <span class='ocr_line' id='line_1_1' title="bbox 165 129 1328 226; baseline 0.021 -41"><span class='ocrx_word' id='word_1_1' title='bbox 165 129 282 188; x_wconf 71' lang='lat' dir='ltr'>CN.</span> <span class='ocrx_word' id='word_1_2' title='bbox 327 131 487 193; x_wconf 41' lang='lat' dir='ltr'>JULI&#39;I</span> <span class='ocrx_word' id='word_1_3' title='bbox 531 132 866 197; x_wconf 74' lang='lat' dir='ltr'>AGRICOLAE</span> <span class='ocrx_word' id='word_1_4' title='bbox 915 140 1130 202; x_wconf 65' lang='lat' dir='ltr'>Nom.</span> <span class='ocrx_word' id='word_1_5' title='bbox 1221 165 1328 226; x_wconf 74' lang='lat'>335</span> 
     </span>
    </p>
   </div>
   <div class='ocr_carea' id='block_1_2' title="bbox 19 226 1329 627">
    <p class='ocr_par' dir='ltr' id='par_1_2' title="bbox 19 226 1329 627">
     <span class='ocr_line' id='line_1_2' title="bbox 113 226 1328 304; baseline 0.015 -28"><span class='ocrx_word' id='word_1_6' title='bbox 113 226 261 278; x_wconf 80' lang='lat' dir='ltr'>Aliud</span> <span class='ocrx_word' id='word_1_7' title='bbox 284 248 427 297; x_wconf 79' lang='lat' dir='ltr'>agens</span> <span class='ocrx_word' id='word_1_8' title='bbox 449 231 654 295; x_wconf 52' lang='lat' dir='ltr'>populun</span> <span class='ocrx_word' id='word_1_9' title='bbox 692 236 789 286; x_wconf 88' lang='lat' dir='ltr'>Hic</span> <span class='ocrx_word' id='word_1_10' title='bbox 815 240 1018 304; x_wconf 87' lang='lat' dir='ltr'>populus</span> <span class='ocrx_word' id='word_1_11' title='bbox 1036 279 1048 301; x_wconf 91' lang='lat'>‚</span> <span class='ocrx_word' id='word_1_12' title='bbox 1085 242 1216 291; x_wconf 86' lang='lat' dir='ltr'>rebus</span> <span class='ocrx_word' id='word_1_13' title='bbox 1242 244 1328 294; x_wconf 78' lang='lat' dir='ltr'>suis</span> 
     </span>
     <span class='ocr_line' id='line_1_3' title="bbox 19 293 1329 371; baseline 0.015 -30"><span class='ocrx_word' id='word_1_14' title='bbox 19 293 253 343; x_wconf 62' lang='lat' dir='ltr'>fintentus</span> <span class='ocrx_word' id='word_1_15' title='bbox 271 335 283 355; x_wconf 94' lang='lat'>,</span> <span class='ocrx_word' id='word_1_16' title='bbox 315 300 487 364; x_wconf 87' lang='lat' dir='ltr'>quique</span> <span class='ocrx_word' id='word_1_17' title='bbox 511 299 634 347; x_wconf 83' lang='lat' dir='ltr'>aliud</span> <span class='ocrx_word' id='word_1_18' title='bbox 660 306 756 368; x_wconf 82' lang='lat' dir='ltr'>agit</span> <span class='ocrx_word' id='word_1_19' title='bbox 774 342 786 364; x_wconf 91' lang='lat'>,</span> <span class='ocrx_word' id='word_1_20' title='bbox 821 305 960 371; x_wconf 70' lang='lat' dir='ltr'><strong>qudm</strong></span> <span class='ocrx_word' id='word_1_21' title='bbox 985 309 1183 358; x_wconf 83' lang='lat' dir='ltr'>virorum</span> <span class='ocrx_word' id='word_1_22' title='bbox 1202 310 1329 361; x_wconf 82' lang='lat' dir='ltr'>illus-</span> 
     </span>
     <span class='ocr_line' id='line_1_4' title="bbox 49 373 604 410; baseline 0.007 -4"><span class='ocrx_word' id='word_1_23' title='bbox 49 373 187 407; x_wconf 82' lang='lat' dir='ltr'>mum</span> <span class='ocrx_word' id='word_1_24' title='bbox 226 378 393 410; x_wconf 90' lang='lat' dir='ltr'>mortes</span> <span class='ocrx_word' id='word_1_25' title='bbox 430 379 604 410; x_wconf 86' lang='lat' dir='ltr'>curare.</span> 
     </span>
     <span class='ocr_line' id='line_1_5' title="bbox 113 424 1327 508; baseline 0.017 -35"><span class='ocrx_word' id='word_1_26' title='bbox 113 424 373 491; x_wconf 82' lang='lat' dir='ltr'>Adfirmare</span> <span class='ocrx_word' id='word_1_27' title='bbox 391 426 540 494; x_wconf 80' lang='lat' dir='ltr'>ausim.</span> <span class='ocrx_word' id='word_1_28' title='bbox 556 428 769 480; x_wconf 85' lang='lat' dir='ltr'>Affirmat</span> <span class='ocrx_word' id='word_1_29' title='bbox 781 433 878 484; x_wconf 89' lang='lat' dir='ltr'>Dio</span> <span class='ocrx_word' id='word_1_30' title='bbox 889 436 1072 500; x_wconf 86' lang='lat' dir='ltr'>LXVI,</span> <span class='ocrx_word' id='word_1_31' title='bbox 1086 459 1197 508; x_wconf 81' lang='lat' dir='ltr'>pag.</span> <span class='ocrx_word' id='word_1_32' title='bbox 1215 459 1327 507; x_wconf 84' lang='lat'>755.</span> 
     </span>
     <span class='ocr_line' id='line_1_6' title="bbox 44 486 1322 575; baseline 0.019 -39"><span class='ocrx_word' id='word_1_33' title='bbox 44 486 214 540; x_wconf 74' lang='lat' dir='ltr'>Tacito</span> <span class='ocrx_word' id='word_1_34' title='bbox 248 511 346 541; x_wconf 87' lang='lat' dir='ltr'>non</span> <span class='ocrx_word' id='word_1_35' title='bbox 383 494 682 561; x_wconf 83' lang='lat' dir='ltr'>diligentior,</span> <span class='ocrx_word' id='word_1_36' title='bbox 718 496 792 547; x_wconf 88' lang='lat' dir='ltr'>sed</span> <span class='ocrx_word' id='word_1_37' title='bbox 821 519 1026 572; x_wconf 85' lang='lat' dir='ltr'>praeceps</span> <span class='ocrx_word' id='word_1_38' title='bbox 1058 512 1240 575; x_wconf 82' lang='lat' dir='ltr'>magis,</span> <span class='ocrx_word' id='word_1_39' title='bbox 1276 517 1322 560; x_wconf 70' lang='grc' dir='ltr'>δε</span> 
     </span>
     <span class='ocr_line' id='line_1_7' title="bbox 42 553 566 627; baseline 0.015 -25"><span class='ocrx_word' id='word_1_40' title='bbox 42 553 342 609; x_wconf 85' lang='lat' dir='ltr'>deterioribus</span> <span class='ocrx_word' id='word_1_41' title='bbox 373 579 566 627; x_wconf 84' lang='lat' dir='ltr'>pronus.</span> 
     </span>
    </p>
   </div>
   <div class='ocr_carea' id='block_1_3' title="bbox 0 684 1369 2688">
    <p class='ocr_par' dir='ltr' id='par_1_3' title="bbox 24 684 1322 1884">
     <span class='ocr_line' id='line_1_8' title="bbox 107 684 1320 768; baseline 0.021 -34"><span class='ocrx_word' id='word_1_42' title='bbox 107 684 233 734; x_wconf 78' lang='lat' dir='ltr'>CAP.</span> <span class='ocrx_word' id='word_1_43' title='bbox 272 688 457 740; x_wconf 87' lang='lat' dir='ltr'><strong>XLIV.</strong></span> <span class='ocrx_word' id='word_1_44' title='bbox 509 690 651 742; x_wconf 73' lang='lat' dir='ltr'>Sexto</span> <span class='ocrx_word' id='word_1_45' title='bbox 691 693 743 744; x_wconf 61' lang='grc' dir='ltr'>θ’</span> <span class='ocrx_word' id='word_1_46' title='bbox 786 697 1138 768; x_wconf 67' lang='lat' dir='ltr'>quinquagesimo</span> <span class='ocrx_word' id='word_1_47' title='bbox 1182 724 1320 760; x_wconf 78' lang='lat' dir='ltr'>anno.</span> 
     </span>
     <span class='ocr_line' id='line_1_9' title="bbox 41 748 1321 830; baseline 0.02 -32"><span class='ocrx_word' id='word_1_48' title='bbox 41 748 242 800; x_wconf 70' lang='lat' dir='ltr'>Prociivi</span> <span class='ocrx_word' id='word_1_49' title='bbox 277 756 563 805; x_wconf 72' lang='lat' dir='ltr'>librariorum</span> <span class='ocrx_word' id='word_1_50' title='bbox 593 777 745 809; x_wconf 85' lang='lat' dir='ltr'>errore</span> <span class='ocrx_word' id='word_1_51' title='bbox 773 763 987 830; x_wconf 86' lang='lat' dir='ltr'>scriptum</span> <span class='ocrx_word' id='word_1_52' title='bbox 1008 770 1183 819; x_wconf 85' lang='lat' dir='ltr'>videtur</span> <span class='ocrx_word' id='word_1_53' title='bbox 1202 773 1321 824; x_wconf 88' lang='lat' dir='ltr'>LVI</span> 
     </span>
     <span class='ocr_line' id='line_1_10' title="bbox 38 818 1322 904; baseline 0.02 -41"><span class='ocrx_word' id='word_1_54' title='bbox 38 834 128 882; x_wconf 87' lang='lat' dir='ltr'>pro</span> <span class='ocrx_word' id='word_1_55' title='bbox 156 818 305 883; x_wconf 83' lang='lat' dir='ltr'>L1V;</span> <span class='ocrx_word' id='word_1_56' title='bbox 341 827 384 868; x_wconf 88' lang='lat'>&amp;</span> <span class='ocrx_word' id='word_1_57' title='bbox 413 826 751 875; x_wconf 83' lang='lat' dir='ltr'>emendandum</span> <span class='ocrx_word' id='word_1_58' title='bbox 787 847 945 894; x_wconf 73' lang='lat' dir='ltr'>quarto</span> <span class='ocrx_word' id='word_1_59' title='bbox 970 831 1020 882; x_wconf 55' lang='grc' dir='ltr'>ἓν</span> <span class='ocrx_word' id='word_1_60' title='bbox 1042 836 1322 904; x_wconf 78' lang='lat' dir='ltr'>quinquage-</span> 
     </span>
     <span class='ocr_line' id='line_1_11' title="bbox 25 881 1318 965; baseline 0.019 -36"><span class='ocrx_word' id='word_1_61' title='bbox 25 881 157 950; x_wconf 80' lang='lat' dir='ltr'>fimo.</span> <span class='ocrx_word' id='word_1_62' title='bbox 197 884 346 936; x_wconf 86' lang='lat' dir='ltr'>Natus</span> <span class='ocrx_word' id='word_1_63' title='bbox 373 890 434 936; x_wconf 89' lang='lat' dir='ltr'>est</span> <span class='ocrx_word' id='word_1_64' title='bbox 459 893 582 938; x_wconf 85' lang='lat' dir='ltr'>enim</span> <span class='ocrx_word' id='word_1_65' title='bbox 604 891 830 959; x_wconf 81' lang='lat' dir='ltr'>Agricola</span> <span class='ocrx_word' id='word_1_66' title='bbox 852 898 1005 948; x_wconf 89' lang='lat' dir='ltr'>Idibus</span> <span class='ocrx_word' id='word_1_67' title='bbox 1026 900 1175 953; x_wconf 82' lang='lat' dir='ltr'>Juniis</span> <span class='ocrx_word' id='word_1_68' title='bbox 1200 943 1214 965; x_wconf 86' lang='lat'>‚</span> <span class='ocrx_word' id='word_1_69' title='bbox 1242 905 1318 954; x_wconf 91' lang='lat' dir='ltr'>seu</span> 
     </span>
     <span class='ocr_line' id='line_1_12' title="bbox 37 947 1316 1030; baseline 0.02 -35"><span class='ocrx_word' id='word_1_70' title='bbox 37 947 112 996; x_wconf 87' lang='lat' dir='ltr'>die</span> <span class='ocrx_word' id='word_1_71' title='bbox 137 965 188 1013; x_wconf 85' lang='lat'>13</span> <span class='ocrx_word' id='word_1_72' title='bbox 215 949 342 1004; x_wconf 84' lang='lat' dir='ltr'>Junii</span> <span class='ocrx_word' id='word_1_73' title='bbox 364 993 376 1015; x_wconf 92' lang='lat'>‚</span> <span class='ocrx_word' id='word_1_74' title='bbox 403 955 523 1005; x_wconf 79' lang='lat' dir='ltr'>Caio</span> <span class='ocrx_word' id='word_1_75' title='bbox 549 957 765 1026; x_wconf 49' lang='lat' dir='ltr'>Caligula</span> <span class='ocrx_word' id='word_1_76' title='bbox 785 1001 798 1024; x_wconf 83' lang='lat'>‚</span> <span class='ocrx_word' id='word_1_77' title='bbox 820 964 999 1013; x_wconf 72' lang='lat' dir='ltr'>tertitim</span> <span class='ocrx_word' id='word_1_78' title='bbox 1015 968 1199 1018; x_wconf 87' lang='lat' dir='ltr'>consule</span> <span class='ocrx_word' id='word_1_79' title='bbox 1218 1006 1235 1030; x_wconf 91' lang='lat'>,</span> <span class='ocrx_word' id='word_1_80' title='bbox 1271 978 1316 1021; x_wconf 75' lang='grc' dir='ltr'>δε</span> 
     </span>
     <span class='ocr_line' id='line_1_13' title="bbox 40 1014 1319 1096; baseline 0.021 -36"><span class='ocrx_word' id='word_1_81' title='bbox 40 1014 138 1061; x_wconf 87' lang='lat' dir='ltr'>solo</span> <span class='ocrx_word' id='word_1_82' title='bbox 165 1054 175 1075; x_wconf 95' lang='lat'>,</span> <span class='ocrx_word' id='word_1_83' title='bbox 213 1035 337 1066; x_wconf 83' lang='lat' dir='ltr'>anno</span> <span class='ocrx_word' id='word_1_84' title='bbox 373 1021 515 1071; x_wconf 86' lang='lat' dir='ltr'>Urbis</span> <span class='ocrx_word' id='word_1_85' title='bbox 554 1028 747 1076; x_wconf 82' lang='lat' dir='ltr'>conditae</span> <span class='ocrx_word' id='word_1_86' title='bbox 783 1046 1026 1081; x_wconf 78' lang='lat' dir='ltr'>Dccxc111</span> <span class='ocrx_word' id='word_1_87' title='bbox 1045 1072 1058 1095; x_wconf 90' lang='lat'>,</span> <span class='ocrx_word' id='word_1_88' title='bbox 1088 1034 1137 1091; x_wconf 89' lang='lat' dir='ltr'>J,</span> <span class='ocrx_word' id='word_1_89' title='bbox 1157 1036 1217 1085; x_wconf 88' lang='lat' dir='ltr'>C.</span> <span class='ocrx_word' id='word_1_90' title='bbox 1238 1056 1319 1096; x_wconf 82' lang='lat'>40.</span> 
     </span>
     <span class='ocr_line' id='line_1_14' title="bbox 37 1079 1316 1167; baseline 0.02 -40"><span class='ocrx_word' id='word_1_91' title='bbox 37 1079 230 1132; x_wconf 72' lang='lat' dir='ltr'>Exceffit</span> <span class='ocrx_word' id='word_1_92' title='bbox 272 1086 454 1136; x_wconf 87' lang='lat' dir='ltr'>decimo</span> <span class='ocrx_word' id='word_1_93' title='bbox 493 1093 726 1141; x_wconf 78' lang='lat' dir='ltr'>Kalendas</span> <span class='ocrx_word' id='word_1_94' title='bbox 762 1095 1085 1162; x_wconf 76' lang='lat' dir='ltr'>Septembres,</span> <span class='ocrx_word' id='word_1_95' title='bbox 1126 1101 1173 1149; x_wconf 91' lang='lat' dir='ltr'>id</span> <span class='ocrx_word' id='word_1_96' title='bbox 1215 1106 1278 1151; x_wconf 92' lang='lat' dir='ltr'>est</span> <span class='ocrx_word' id='word_1_97' title='bbox 1302 1143 1316 1167; x_wconf 85' lang='lat'>‚</span> 
     </span>
     <span class='ocr_line' id='line_1_15' title="bbox 39 1147 1315 1230; baseline 0.02 -37"><span class='ocrx_word' id='word_1_98' title='bbox 39 1147 112 1194; x_wconf 90' lang='lat' dir='ltr'>die</span> <span class='ocrx_word' id='word_1_99' title='bbox 145 1167 200 1212; x_wconf 83' lang='lat'>23</span> <span class='ocrx_word' id='word_1_100' title='bbox 234 1151 464 1219; x_wconf 83' lang='lat' dir='ltr'>Augusti,</span> <span class='ocrx_word' id='word_1_101' title='bbox 502 1155 732 1224; x_wconf 85' lang='lat' dir='ltr'>Pompeio</span> <span class='ocrx_word' id='word_1_102' title='bbox 772 1161 970 1230; x_wconf 61' lang='lat' dir='ltr'>Collegit</span> <span class='ocrx_word' id='word_1_103' title='bbox 1005 1172 1050 1214; x_wconf 89' lang='lat'>&amp;</span> <span class='ocrx_word' id='word_1_104' title='bbox 1087 1166 1315 1219; x_wconf 85' lang='lat' dir='ltr'>Cornelio</span> 
     </span>
     <span class='ocr_line' id='line_1_16' title="bbox 32 1211 1315 1298; baseline 0.02 -39"><span class='ocrx_word' id='word_1_105' title='bbox 32 1211 184 1263; x_wconf 85' lang='lat' dir='ltr'>Prisco</span> <span class='ocrx_word' id='word_1_106' title='bbox 221 1255 235 1277; x_wconf 86' lang='lat'>,</span> <span class='ocrx_word' id='word_1_107' title='bbox 288 1220 544 1270; x_wconf 83' lang='lat' dir='ltr'>consulibus</span> <span class='ocrx_word' id='word_1_108' title='bbox 575 1262 589 1285; x_wconf 91' lang='lat'>‚</span> <span class='ocrx_word' id='word_1_109' title='bbox 645 1244 769 1275; x_wconf 83' lang='lat' dir='ltr'>anno</span> <span class='ocrx_word' id='word_1_110' title='bbox 808 1228 876 1277; x_wconf 89' lang='lat' dir='ltr'>U.</span> <span class='ocrx_word' id='word_1_111' title='bbox 913 1231 972 1280; x_wconf 88' lang='lat' dir='ltr'>C.</span> <span class='ocrx_word' id='word_1_112' title='bbox 1011 1250 1315 1298; x_wconf 74' lang='lat' dir='ltr'>DCCCXLVI,</span> 
     </span>
     <span class='ocr_line' id='line_1_17' title="bbox 31 1277 1317 1360; baseline 0.018 -33"><span class='ocrx_word' id='word_1_113' title='bbox 31 1277 78 1334; x_wconf 80' lang='lat' dir='ltr'>J·</span> <span class='ocrx_word' id='word_1_114' title='bbox 95 1279 155 1331; x_wconf 91' lang='lat' dir='ltr'>C.</span> <span class='ocrx_word' id='word_1_115' title='bbox 178 1300 259 1346; x_wconf 84' lang='lat'>93.</span> <span class='ocrx_word' id='word_1_116' title='bbox 292 1285 461 1335; x_wconf 87' lang='lat' dir='ltr'>Caium</span> <span class='ocrx_word' id='word_1_117' title='bbox 485 1306 633 1338; x_wconf 84' lang='lat' dir='ltr'>autem</span> <span class='ocrx_word' id='word_1_118' title='bbox 650 1331 662 1352; x_wconf 91' lang='lat'>,</span> <span class='ocrx_word' id='word_1_119' title='bbox 696 1293 875 1343; x_wconf 67' lang='lat' dir='ltr'>tertitim</span> <span class='ocrx_word' id='word_1_120' title='bbox 897 1297 1127 1347; x_wconf 85' lang='lat' dir='ltr'>consulem</span> <span class='ocrx_word' id='word_1_121' title='bbox 1145 1338 1160 1360; x_wconf 84' lang='lat'>‚</span> <span class='ocrx_word' id='word_1_122' title='bbox 1185 1301 1317 1351; x_wconf 68' lang='lat' dir='ltr'>fiaiffe</span> 
     </span>
     <span class='ocr_line' id='line_1_18' title="bbox 32 1344 1313 1421; baseline 0.02 -30"><span class='ocrx_word' id='word_1_123' title='bbox 32 1344 180 1394; x_wconf 77' lang='lat' dir='ltr'>solum</span> <span class='ocrx_word' id='word_1_124' title='bbox 217 1366 271 1396; x_wconf 89' lang='lat' dir='ltr'>ac</span> <span class='ocrx_word' id='word_1_125' title='bbox 308 1351 401 1400; x_wconf 88' lang='lat' dir='ltr'>fine</span> <span class='ocrx_word' id='word_1_126' title='bbox 435 1356 615 1421; x_wconf 66' lang='lat' dir='ltr'>collegii</span> <span class='ocrx_word' id='word_1_127' title='bbox 654 1362 866 1409; x_wconf 81' lang='lat' dir='ltr'>testantur</span> <span class='ocrx_word' id='word_1_128' title='bbox 899 1361 1018 1411; x_wconf 84' lang='lat' dir='ltr'>Fasti</span> <span class='ocrx_word' id='word_1_129' title='bbox 1056 1364 1313 1415; x_wconf 86' lang='lat' dir='ltr'>Vindobo-</span> 
     </span>
     <span class='ocr_line' id='line_1_19' title="bbox 33 1410 1310 1482; baseline 0.019 -24"><span class='ocrx_word' id='word_1_130' title='bbox 33 1410 191 1460; x_wconf 83' lang='lat' dir='ltr'>nenses</span> <span class='ocrx_word' id='word_1_131' title='bbox 210 1451 222 1474; x_wconf 88' lang='lat'>,</span> <span class='ocrx_word' id='word_1_132' title='bbox 262 1432 304 1466; x_wconf 90' lang='lat' dir='ltr'>c.</span> <span class='ocrx_word' id='word_1_133' title='bbox 324 1434 553 1468; x_wconf 77' lang='lat' dir='ltr'>cAESARE</span> <span class='ocrx_word' id='word_1_134' title='bbox 580 1438 650 1470; x_wconf 83' lang='lat'>111</span> <span class='ocrx_word' id='word_1_135' title='bbox 674 1441 817 1474; x_wconf 64' lang='lat' dir='ltr'>soro.</span> <span class='ocrx_word' id='word_1_136' title='bbox 853 1427 951 1476; x_wconf 86' lang='lat' dir='ltr'>Cur</span> <span class='ocrx_word' id='word_1_137' title='bbox 979 1428 1096 1478; x_wconf 84' lang='lat' dir='ltr'>solus</span> <span class='ocrx_word' id='word_1_138' title='bbox 1129 1436 1310 1482; x_wconf 84' lang='lat' dir='ltr'>tertium</span> 
     </span>
     <span class='ocr_line' id='line_1_20' title="bbox 32 1476 1309 1559; baseline 0.02 -36"><span class='ocrx_word' id='word_1_139' title='bbox 32 1476 316 1529; x_wconf 61' lang='lat' dir='ltr'>consularem</span> <span class='ocrx_word' id='word_1_140' title='bbox 344 1485 525 1545; x_wconf 80' lang='lat' dir='ltr'>inierit,</span> <span class='ocrx_word' id='word_1_141' title='bbox 561 1488 664 1537; x_wconf 87' lang='lat' dir='ltr'>vide</span> <span class='ocrx_word' id='word_1_142' title='bbox 689 1493 736 1538; x_wconf 88' lang='lat' dir='ltr'>in</span> <span class='ocrx_word' id='word_1_143' title='bbox 768 1493 1105 1559; x_wconf 85' lang='lat' dir='ltr'>Supplernento</span> <span class='ocrx_word' id='word_1_144' title='bbox 1131 1499 1309 1553; x_wconf 80' lang='lat' dir='ltr'>Annal.</span> 
     </span>
     <span class='ocr_line' id='line_1_21' title="bbox 29 1541 1310 1628; baseline 0.017 -36"><span class='ocrx_word' id='word_1_145' title='bbox 29 1541 178 1604; x_wconf 86' lang='lat' dir='ltr'>VIII,</span> <span class='ocrx_word' id='word_1_146' title='bbox 203 1565 278 1602; x_wconf 88' lang='lat'>29.</span> <span class='ocrx_word' id='word_1_147' title='bbox 311 1547 433 1598; x_wconf 84' lang='lat' dir='ltr'>Fieri</span> <span class='ocrx_word' id='word_1_148' title='bbox 470 1568 622 1600; x_wconf 86' lang='lat' dir='ltr'>tamen</span> <span class='ocrx_word' id='word_1_149' title='bbox 652 1558 826 1619; x_wconf 79' lang='lat' dir='ltr'>potest,</span> <span class='ocrx_word' id='word_1_150' title='bbox 862 1576 908 1607; x_wconf 90' lang='lat' dir='ltr'>ut</span> <span class='ocrx_word' id='word_1_151' title='bbox 928 1561 1154 1628; x_wconf 81' lang='lat' dir='ltr'>Agricola</span> <span class='ocrx_word' id='word_1_152' title='bbox 1176 1583 1310 1613; x_wconf 87' lang='lat' dir='ltr'>mor-</span> 
     </span>
     <span class='ocr_line' id='line_1_22' title="bbox 29 1611 1308 1690; baseline 0.02 -35"><span class='ocrx_word' id='word_1_153' title='bbox 29 1624 119 1657; x_wconf 87' lang='lat' dir='ltr'>tem</span> <span class='ocrx_word' id='word_1_154' title='bbox 150 1611 313 1660; x_wconf 76' lang='lat' dir='ltr'>obierit</span> <span class='ocrx_word' id='word_1_155' title='bbox 351 1614 471 1664; x_wconf 80' lang='lat' dir='ltr'>sexto</span> <span class='ocrx_word' id='word_1_156' title='bbox 505 1624 549 1665; x_wconf 87' lang='lat'>&amp;</span> <span class='ocrx_word' id='word_1_157' title='bbox 577 1623 960 1690; x_wconf 81' lang='lat' dir='ltr'>quinquagefimo</span> <span class='ocrx_word' id='word_1_158' title='bbox 995 1645 1138 1677; x_wconf 76' lang='lat' dir='ltr'>anno,</span> <span class='ocrx_word' id='word_1_159' title='bbox 1168 1630 1308 1682; x_wconf 88' lang='lat' dir='ltr'>Tunc</span> 
     </span>
     <span class='ocr_line' id='line_1_23' title="bbox 25 1675 1304 1756; baseline 0.022 -36"><span class='ocrx_word' id='word_1_160' title='bbox 25 1675 254 1740; x_wconf 74' lang='lat' dir='ltr'>Agricola</span> <span class='ocrx_word' id='word_1_161' title='bbox 282 1697 377 1728; x_wconf 86' lang='lat' dir='ltr'>non</span> <span class='ocrx_word' id='word_1_162' title='bbox 412 1685 494 1731; x_wconf 88' lang='lat' dir='ltr'>erit</span> <span class='ocrx_word' id='word_1_163' title='bbox 523 1702 653 1733; x_wconf 78' lang='lat' dir='ltr'>natus</span> <span class='ocrx_word' id='word_1_164' title='bbox 671 1726 684 1748; x_wconf 85' lang='lat'>‚</span> <span class='ocrx_word' id='word_1_165' title='bbox 726 1689 845 1738; x_wconf 84' lang='lat' dir='ltr'>Caio</span> <span class='ocrx_word' id='word_1_166' title='bbox 876 1691 1054 1742; x_wconf 81' lang='lat' dir='ltr'>Caefare</span> <span class='ocrx_word' id='word_1_167' title='bbox 1075 1734 1090 1756; x_wconf 87' lang='lat'>,</span> <span class='ocrx_word' id='word_1_168' title='bbox 1124 1697 1304 1749; x_wconf 59' lang='lat' dir='ltr'>tertiam</span> 
     </span>
     <span class='ocr_line' id='line_1_24' title="bbox 26 1739 1305 1822; baseline 0.024 -37"><span class='ocrx_word' id='word_1_169' title='bbox 26 1739 213 1788; x_wconf 86' lang='lat' dir='ltr'>consule</span> <span class='ocrx_word' id='word_1_170' title='bbox 237 1763 249 1790; x_wconf 77' lang='grc' dir='ltr'><strong><em>ε</em></strong></span> <span class='ocrx_word' id='word_1_171' title='bbox 288 1744 359 1793; x_wconf 88' lang='lat' dir='ltr'>sed</span> <span class='ocrx_word' id='word_1_172' title='bbox 386 1747 572 1797; x_wconf 86' lang='lat' dir='ltr'>biennio</span> <span class='ocrx_word' id='word_1_173' title='bbox 600 1752 705 1800; x_wconf 75' lang='lat' dir='ltr'>ante</span> <span class='ocrx_word' id='word_1_174' title='bbox 731 1789 745 1811; x_wconf 84' lang='lat'><strong>‚</strong></span> <span class='ocrx_word' id='word_1_175' title='bbox 784 1756 890 1804; x_wconf 62' lang='lat' dir='ltr'>crim</span> <span class='ocrx_word' id='word_1_176' title='bbox 915 1757 1055 1808; x_wconf 86' lang='lat' dir='ltr'>Caius</span> <span class='ocrx_word' id='word_1_177' title='bbox 1074 1800 1088 1822; x_wconf 84' lang='lat'><em>,</em></span> <span class='ocrx_word' id='word_1_178' title='bbox 1116 1781 1305 1815; x_wconf 82' lang='lat' dir='ltr'>mortuo</span> 
     </span>
     <span class='ocr_line' id='line_1_25' title="bbox 24 1804 956 1884; baseline 0.02 -31"><span class='ocrx_word' id='word_1_179' title='bbox 24 1804 215 1854; x_wconf 82' lang='lat' dir='ltr'>Tiberio</span> <span class='ocrx_word' id='word_1_180' title='bbox 238 1847 250 1869; x_wconf 85' lang='lat'>‚</span> <span class='ocrx_word' id='word_1_181' title='bbox 281 1809 426 1860; x_wconf 61' lang='lat' dir='ltr'>faetus</span> <span class='ocrx_word' id='word_1_182' title='bbox 458 1816 520 1863; x_wconf 86' lang='lat' dir='ltr'>est</span> <span class='ocrx_word' id='word_1_183' title='bbox 550 1817 707 1866; x_wconf 86' lang='lat' dir='ltr'>consul</span> <span class='ocrx_word' id='word_1_184' title='bbox 740 1821 956 1884; x_wconf 63' lang='lat' dir='ltr'>prinnini.</span> 
     </span>
    </p>

    <p class='ocr_par' dir='ltr' id='par_1_4' title="bbox 0 1871 1369 2271">
     <span class='ocr_line' id='line_1_26' title="bbox 30 1871 1302 1962; baseline 0.022 -43"><span class='ocrx_word' id='word_1_185' title='bbox 30 1894 35 1900; x_wconf 87' lang='lat'><strong>·</strong></span> <span class='ocrx_word' id='word_1_186' title='bbox 88 1871 312 1938; x_wconf 69' lang='lat' dir='ltr'>Speciqsae</span> <span class='ocrx_word' id='word_1_187' title='bbox 341 1881 640 1946; x_wconf 77' lang='lat' dir='ltr'>contigerant.</span> <span class='ocrx_word' id='word_1_188' title='bbox 673 1884 893 1938; x_wconf 84' lang='lat' dir='ltr'>Honestae</span> <span class='ocrx_word' id='word_1_189' title='bbox 915 1908 970 1939; x_wconf 86' lang='lat' dir='ltr'>ac</span> <span class='ocrx_word' id='word_1_190' title='bbox 995 1890 1094 1941; x_wconf 69' lang='lat' dir='ltr'>finis</span> <span class='ocrx_word' id='word_1_191' title='bbox 1119 1899 1302 1962; x_wconf 64' lang='lat' dir='ltr'>amp1ae0</span> 
     </span>
     <span class='ocr_line' id='line_1_27' title="bbox 25 1934 1300 2026; baseline 0.024 -43"><span class='ocrx_word' id='word_1_192' title='bbox 25 1934 156 1986; x_wconf 78' lang='lat' dir='ltr'>Errat</span> <span class='ocrx_word' id='word_1_193' title='bbox 180 1958 293 2007; x_wconf 84' lang='lat' dir='ltr'>ergo</span> <span class='ocrx_word' id='word_1_194' title='bbox 313 1944 411 1992; x_wconf 86' lang='lat' dir='ltr'>Dio</span> <span class='ocrx_word' id='word_1_195' title='bbox 433 1946 625 2010; x_wconf 85' lang='lat' dir='ltr'>LXVI,</span> <span class='ocrx_word' id='word_1_196' title='bbox 652 1969 763 2018; x_wconf 81' lang='lat' dir='ltr'>pag.</span> <span class='ocrx_word' id='word_1_197' title='bbox 780 1972 874 2016; x_wconf 85' lang='lat'>754</span> <span class='ocrx_word' id='word_1_198' title='bbox 892 1995 906 2017; x_wconf 88' lang='lat'>,</span> <span class='ocrx_word' id='word_1_199' title='bbox 931 1960 1010 2024; x_wconf 89' lang='lat' dir='ltr'>qui</span> <span class='ocrx_word' id='word_1_200' title='bbox 1026 1960 1300 2026; x_wconf 75' lang='lat' dir='ltr'>Agricolam</span> 
     </span>
     <span class='ocr_line' id='line_1_28' title="bbox 20 2004 1296 2094; baseline 0.024 -45"><span class='ocrx_word' id='word_1_201' title='bbox 20 2004 70 2056; x_wconf 74' lang='lat' dir='ltr'>in</span> <span class='ocrx_word' id='word_1_202' title='bbox 94 2007 353 2071; x_wconf 55' lang='lat' dir='ltr'>ignominia</span> <span class='ocrx_word' id='word_1_203' title='bbox 375 2017 418 2058; x_wconf 88' lang='lat'>&amp;</span> <span class='ocrx_word' id='word_1_204' title='bbox 440 2030 706 2079; x_wconf 76' lang='lat' dir='ltr'>paupertate</span> <span class='ocrx_word' id='word_1_205' title='bbox 723 2021 951 2085; x_wconf 80' lang='lat' dir='ltr'>reliquum</span> <span class='ocrx_word' id='word_1_206' title='bbox 969 2027 1068 2072; x_wconf 84' lang='lat' dir='ltr'>vitae</span> <span class='ocrx_word' id='word_1_207' title='bbox 1089 2043 1267 2094; x_wconf 85' lang='lat' dir='ltr'>tempus</span> <span class='ocrx_word' id='word_1_208' title='bbox 1281 2070 1296 2092; x_wconf 89' lang='lat'>‚</span> 
     </span>
     <span class='ocr_line' id='line_1_29' title="bbox 19 2066 1297 2158; baseline 0.024 -42"><span class='ocrx_word' id='word_1_209' title='bbox 19 2066 237 2137; x_wconf 80' lang='lat' dir='ltr'>Principe</span> <span class='ocrx_word' id='word_1_210' title='bbox 269 2074 581 2141; x_wconf 84' lang='lat' dir='ltr'>Domitiano,</span> <span class='ocrx_word' id='word_1_211' title='bbox 618 2085 874 2151; x_wconf 63' lang='lat' dir='ltr'>transegisse</span> <span class='ocrx_word' id='word_1_212' title='bbox 913 2086 1095 2155; x_wconf 85' lang='lat' dir='ltr'>scripfit.</span> <span class='ocrx_word' id='word_1_213' title='bbox 1148 2098 1199 2144; x_wconf 78' lang='grc' dir='ltr'>ὀ</span> <span class='ocrx_word' id='word_1_214' title='bbox 1234 2097 1297 2158; x_wconf 59' lang='lat' dir='ltr'>dfe</span> 
     </span>
     <span class='ocr_line' id='line_1_30' title="bbox 16 2137 1369 2226; baseline 0.023 -43"><span class='ocrx_word' id='word_1_215' title='bbox 16 2137 285 2201; x_wconf 69' lang='grc' dir='ltr'><strong><em>Ἀγρεκᾶλοις</em></strong></span> <span class='ocrx_word' id='word_1_216' title='bbox 322 2142 359 2191; x_wconf 75' lang='grc' dir='ltr'>’ἐν</span> <span class='ocrx_word' id='word_1_217' title='bbox 395 2167 439 2193; x_wconf 76' lang='grc' dir='ltr'>τε</span> <span class='ocrx_word' id='word_1_218' title='bbox 481 2148 641 2212; x_wconf 63' lang='grc' dir='ltr'>ἀτιμίᾳ</span> <span class='ocrx_word' id='word_1_219' title='bbox 675 2150 723 2200; x_wconf 70' lang='lat' dir='ltr'>‘to&#39;</span> <span class='ocrx_word' id='word_1_220' title='bbox 763 2154 907 2202; x_wconf 65' lang='grc' dir='ltr'><strong><em>λοιπόν</em></strong></span> <span class='ocrx_word' id='word_1_221' title='bbox 945 2162 1003 2207; x_wconf 58' lang='lat' dir='ltr'>Tg</span> <span class='ocrx_word' id='word_1_222' title='bbox 1040 2158 1117 2217; x_wconf 76' lang='grc' dir='ltr'>βιές</span> <span class='ocrx_word' id='word_1_223' title='bbox 1151 2163 1224 2226; x_wconf 53' lang='grc' dir='ltr'>,(9ιᾷ</span> <span class='ocrx_word' id='word_1_224' title='bbox 1260 2168 1297 2214; x_wconf 77' lang='grc' dir='ltr'>ἐν</span> <span class='ocrx_word' id='word_1_225' title='bbox 1359 2187 1369 2191; x_wconf 28' lang='lat' dir='ltr'>e</span> 
     </span>
     <span class='ocr_line' id='line_1_31' title="bbox 0 2202 464 2271; baseline 0.015 -18"><span class='ocrx_word' id='word_1_226' title='bbox 0 2202 158 2268; x_wconf 43' lang='lat' dir='ltr'>ikvffet&#39;qt</span> <span class='ocrx_word' id='word_1_227' title='bbox 183 2243 196 2255; x_wconf 87' lang='lat'><strong>.</strong></span> <span class='ocrx_word' id='word_1_228' title='bbox 218 2242 232 2255; x_wconf 88' lang='lat'><strong><em>.</em></strong></span> <span class='ocrx_word' id='word_1_229' title='bbox 261 2243 273 2256; x_wconf 87' lang='lat'><strong>.</strong></span> <span class='ocrx_word' id='word_1_230' title='bbox 300 2247 312 2257; x_wconf 91' lang='lat'><strong>.</strong></span> <span class='ocrx_word' id='word_1_231' title='bbox 329 2210 464 2271; x_wconf 68' lang='grc' dir='ltr'>ἕζητε.</span> 
     </span>
    </p>

    <p class='ocr_par' dir='ltr' id='par_1_5' title="bbox 0 2267 1295 2688">
     <span class='ocr_line' id='line_1_32' title="bbox 26 2267 1295 2342; baseline 0.02 -27"><span class='ocrx_word' id='word_1_232' title='bbox 26 2283 30 2289; x_wconf 87' lang='grc'><em>·</em></span> <span class='ocrx_word' id='word_1_233' title='bbox 87 2267 278 2320; x_wconf 79' lang='lat' dir='ltr'>Durare</span> <span class='ocrx_word' id='word_1_234' title='bbox 299 2272 348 2323; x_wconf 85' lang='lat' dir='ltr'>in</span> <span class='ocrx_word' id='word_1_235' title='bbox 370 2274 457 2324; x_wconf 80' lang='lat' dir='ltr'>hac</span> <span class='ocrx_word' id='word_1_236' title='bbox 478 2311 490 2324; x_wconf 86' lang='lat'>.</span> <span class='ocrx_word' id='word_1_237' title='bbox 512 2312 525 2324; x_wconf 89' lang='lat'>.</span> <span class='ocrx_word' id='word_1_238' title='bbox 546 2312 559 2325; x_wconf 83' lang='lat'><strong>.</strong></span> <span class='ocrx_word' id='word_1_239' title='bbox 583 2277 696 2330; x_wconf 78' lang='lat' dir='ltr'>luce.</span> <span class='ocrx_word' id='word_1_240' title='bbox 728 2281 897 2334; x_wconf 58' lang='lat' dir='ltr'>Melias</span> <span class='ocrx_word' id='word_1_241' title='bbox 917 2286 965 2334; x_wconf 86' lang='lat' dir='ltr'>in</span> <span class='ocrx_word' id='word_1_242' title='bbox 995 2286 1111 2338; x_wconf 77' lang='lat' dir='ltr'>hanc</span> <span class='ocrx_word' id='word_1_243' title='bbox 1136 2289 1295 2342; x_wconf 83' lang='lat' dir='ltr'>lucem.</span> 
     </span>
     <span class='ocr_line' id='line_1_33' title="bbox 19 2332 1292 2422; baseline 0.02 -41"><span class='ocrx_word' id='word_1_244' title='bbox 19 2332 185 2385; x_wconf 86' lang='lat' dir='ltr'>Sensus</span> <span class='ocrx_word' id='word_1_245' title='bbox 211 2355 364 2389; x_wconf 82' lang='lat' dir='ltr'>autem</span> <span class='ocrx_word' id='word_1_246' title='bbox 391 2344 454 2390; x_wconf 88' lang='lat' dir='ltr'>est</span> <span class='ocrx_word' id='word_1_247' title='bbox 483 2363 494 2391; x_wconf 89' lang='lat'>:</span> <span class='ocrx_word' id='word_1_248' title='bbox 533 2363 639 2393; x_wconf 85' lang='lat' dir='ltr'>narn</span> <span class='ocrx_word' id='word_1_249' title='bbox 680 2347 787 2397; x_wconf 77' lang='lat' dir='ltr'>sicut</span> <span class='ocrx_word' id='word_1_250' title='bbox 822 2353 870 2398; x_wconf 88' lang='lat' dir='ltr'>in</span> <span class='ocrx_word' id='word_1_251' title='bbox 910 2354 963 2400; x_wconf 84' lang='lat' dir='ltr'>iis</span> <span class='ocrx_word' id='word_1_252' title='bbox 1006 2356 1292 2422; x_wconf 81' lang='lat' dir='ltr'>iniquiffimis</span> 
     </span>
     <span class='ocr_line' id='line_1_34' title="bbox 7 2397 1291 2479; baseline 0.022 -34"><span class='ocrx_word' id='word_1_253' title='bbox 7 2397 277 2452; x_wconf 71' lang='lat' dir='ltr'>Domitiani</span> <span class='ocrx_word' id='word_1_254' title='bbox 324 2411 605 2474; x_wconf 82' lang='lat' dir='ltr'>temporibus</span> <span class='ocrx_word' id='word_1_255' title='bbox 650 2416 826 2479; x_wconf 68' lang='lat' dir='ltr'>grande</span> <span class='ocrx_word' id='word_1_256' title='bbox 874 2418 1079 2468; x_wconf 77' lang='lat' dir='ltr'>solatium</span> <span class='ocrx_word' id='word_1_257' title='bbox 1119 2422 1291 2476; x_wconf 85' lang='lat' dir='ltr'>ferebat</span> 
     </span>
     <span class='ocr_line' id='line_1_35' title="bbox 0 2465 1291 2548; baseline 0.022 -37"><span class='ocrx_word' id='word_1_258' title='bbox 0 2465 179 2516; x_wconf 51' lang='lat' dir='ltr'>*durare</span> <span class='ocrx_word' id='word_1_259' title='bbox 215 2471 262 2516; x_wconf 88' lang='lat' dir='ltr'>in</span> <span class='ocrx_word' id='word_1_260' title='bbox 293 2471 410 2522; x_wconf 82' lang='lat' dir='ltr'>hanc</span> <span class='ocrx_word' id='word_1_261' title='bbox 437 2476 668 2527; x_wconf 81' lang='lat' dir='ltr'>beatiffimi</span> <span class='ocrx_word' id='word_1_262' title='bbox 698 2482 841 2530; x_wconf 78' lang='lat' dir='ltr'>saeculi</span> <span class='ocrx_word' id='word_1_263' title='bbox 869 2485 1014 2534; x_wconf 87' lang='lat' dir='ltr'>lucem</span> <span class='ocrx_word' id='word_1_264' title='bbox 1038 2526 1051 2548; x_wconf 88' lang='lat'>‚</span> <span class='ocrx_word' id='word_1_265' title='bbox 1086 2506 1139 2536; x_wconf 85' lang='lat' dir='ltr'>ac</span> <span class='ocrx_word' id='word_1_266' title='bbox 1156 2490 1291 2540; x_wconf 87' lang='lat' dir='ltr'>Prin-</span> 
     </span>
     <span class='ocr_line' id='line_1_36' title="bbox 16 2533 1291 2618; baseline 0.024 -41"><span class='ocrx_word' id='word_1_267' title='bbox 16 2533 166 2596; x_wconf 87' lang='lat' dir='ltr'>cipem</span> <span class='ocrx_word' id='word_1_268' title='bbox 193 2534 455 2597; x_wconf 57' lang='lat' dir='ltr'>Traianum</span> <span class='ocrx_word' id='word_1_269' title='bbox 489 2543 641 2593; x_wconf 79' lang='lat' dir='ltr'>videre</span> <span class='ocrx_word' id='word_1_270' title='bbox 658 2586 670 2606; x_wconf 87' lang='lat'>,</span> <span class='ocrx_word' id='word_1_271' title='bbox 713 2549 840 2614; x_wconf 79' lang='lat' dir='ltr'>quod</span> <span class='ocrx_word' id='word_1_272' title='bbox 865 2557 1057 2618; x_wconf 84' lang='lat' dir='ltr'>augurio</span> <span class='ocrx_word' id='word_1_273' title='bbox 1084 2554 1291 2617; x_wconf 80' lang='lat' dir='ltr'>votisque</span> 
     </span>
     <span class='ocr_line' id='line_1_37' title="bbox 16 2599 1290 2688; baseline 0.021 -42"><span class='ocrx_word' id='word_1_274' title='bbox 16 2599 139 2663; x_wconf 82' lang='lat' dir='ltr'>apud</span> <span class='ocrx_word' id='word_1_275' title='bbox 168 2604 342 2654; x_wconf 83' lang='lat' dir='ltr'>nostras</span> <span class='ocrx_word' id='word_1_276' title='bbox 375 2625 505 2656; x_wconf 82' lang='lat' dir='ltr'>aures</span> <span class='ocrx_word' id='word_1_277' title='bbox 524 2613 840 2685; x_wconf 61' lang='lat' dir='ltr'>ominabatur3</span> <span class='ocrx_word' id='word_1_278' title='bbox 880 2620 942 2668; x_wconf 79' lang='lat' dir='ltr'>ita</span> <span class='ocrx_word' id='word_1_279' title='bbox 962 2637 1151 2688; x_wconf 84' lang='lat' dir='ltr'>quoque</span> <span class='ocrx_word' id='word_1_280' title='bbox 1169 2621 1290 2672; x_wconf 77' lang='lat' dir='ltr'>festi-</span> 
     </span>
    </p>
   </div>
   <div class='ocr_carea' id='block_1_4' title="bbox 0 2149 3 2958">
    <p class='ocr_par' dir='ltr' id='par_1_6' title="bbox 0 2149 3 2958">
     <span class='ocr_line' id='line_1_38' title="bbox 0 2149 3 2958; baseline 0 0"><span class='ocrx_word' id='word_1_281' title='bbox 0 2149 3 2958; x_wconf 95' lang='lat' dir='ltr'> </span> 
     </span>
    </p>
   </div>
  </div>
 </body>
</html>
