1663 2958
298 210 451 268 110'
505 201 580 268 (ἶ.
623 207 1051 269 CoRNE'Ln
1094 202 1427 273 TAcrrr‘'

292 328 538 367 tacentes
560 347 576 380 ‚
621 307 682 366 in
708 331 886 368 unum
910 309 1200 370 conversos
1228 336 1249 369 :⁷
1278 312 1426 372 coire
1461 317 1578 396 poss·

292 392 490 474 pulum
503 439 520 463 ‚
544 400 602 451 &
616 392 993 454 circumfundi
1009 417 1197 453 coram
1212 403 1301 467 5&
1320 397 1572 476 accipere

291 471 560 533 affectum
601 498 1022 559 quemcumque
1060 500 1247 537 orator
1285 479 1531 539 indue-tit
1552 486 1574 544 Ξ.

289 557 541 640 Vulgata
581 558 894 620 dicentium
941 561 1143 644 gaudia
1169 609 1186 634 ,
1232 571 1290 622 &
1334 563 1573 645 imperi-³

292 661 483 700 torum
508 666 735 725 quoque
759 645 934 704 oculis
956 645 1197 726 exposita
1212 693 1238 718 ,.
1255 644 1577 728 percenseo,

290 724 396 785 Illa
419 725 711 787 secretiora
730 775 746 800 ‚
789 737 847 789 &
882 729 1103 789 tantum
1130 728 1253 812 ipsis
1284 729 1579 790 orantibus-

292 831 427 870 nota
452 858 470 883 ,
513 818 725 892 majora
754 811 895 872 sunt-
952 814 1076 872 Sive
1103 835 1418 872 accuratam
1445 816 1577 873 me'ae

291 894 644 976 ditatamque
673 895 860 956 adfert*
883 898 1202 958 orationem
1230 921 1246 975 3
1285 899 1360 956 est
1391 897 1576 978 quod*

294 978 429 1038 dam
454 978 587 1038 ficut
611 979 773 1061 ipsius
794 981 1054 1039 dictionis
1071 1029 1087 1053 ‚
1114 983 1191 1041 ita
1216 981 1406 1063 gaudii
1428 1005 1574 1063 pon-

292 1062 397 1122 clus
417 1071 475 1122 δε
497 1064 827 1122 constantia:
851 1063 960 1123 sive
975 1088 1182 1124 novam
1203 1074 1258 1125 δε
1283 1086 1577 1124 recentem>

293 1168 485 1205 curam
505 1169 621 1204 non
646 1145 758 1206 fine
781 1147 967 1228 aliqua
994 1148 1369 1229 trepidatione
1393 1150 1575 1210 animi·

290 1230 558 1290 adtulerit
587 1278 604 1303 ,
663 1229 775 1313 ipsa
829 1229 1148 1291 sollicitudo
1206 1234 1578 1293 commendam

293 1336 562 1375 even-tum
590 1361 606 1386 ‚
645 1323 702 1373 &
737 1314 1086 1375 lenocinatur
1119 1316 1410 1398 voluptati.
1463 1317 1576 1377 Sed

289 1397 688 1481 extemporalis
716 1399 820 1457 aud
831 1400 955 1459 aciae
977 1449 992 1472 ,
1017 1421 1183 1481 atque
1205 1398 1367 1482 ipfius
1391 1421 1576 1460 teme-

290 1483 466 1542 ritatis
505 1481 593 1542 vel
628 1484 898 1564 praecipua
934 1485 1250 1563 jucunditas
1286 1486 1385 1543 ests
1420 1485 1576 1544 Nam

289 1568 352 1626 in
375 1566 608 1649 ingenio
636 1590 863 1647 quoque
885 1614 900 1638 ‚
933 1566 1065 1625 ficut
1087 1569 1145 1625 in
1171 1590 1303 1649 agro
1321 1615 1338 1640 ,
1369 1591 1574 1648 quam-

291 1674 466 1732 quam
503 1650 608 1709 alia
646 1650 745 1708 diu
777 1649 1025 1709 serantur
1066 1672 1233 1731 atque
1279 1650 1577 1712 elaborem

294 1756 383 1797 tur
414 1782 430 1807 ,
485 1734 727 1817 gratiora
772 1756 966 1795 tamen
1002 1781 1020 1808 ,
1071 1758 1193 1816 quae
1240 1733 1331 1794 sua
1376 1734 1576 1818 sponte

291 1818 606 1878 nascuntur.

388 1902 524 1962 VII.
566 1905 847 1975 EanEM
887 1923 947 1961 ut
979 1902 1050 1962 de
1086 1925 1179 1961 me
1211 1900 1324 1986 ipse
1353 1899 1577 1976 fatear3

294 2009 412 2045 non
445 2009 576 2045 eum
607 1986 763 2045 diem
794 1985 1066 2046 laetiorem
1095 1987 1184 2068 egi
1216 2035 1232 2059 ‚
1280 2009 1393 2066 quo
1416 1988 1575 2046 tmihi

294 2070 438 2129 latus
477 2069 664 2129 clavus
700 2068 920 2129 oblatus
958 2072 1072 2142 est,
1111 2069 1202 2130 vel
1245 2092 1359 2149 quo
1398 2070 1575 2130 homo

292 2176 472 2213 novus
505 2202 521 2226 ‚
563 2162 620 2213 δε
649 2154 709 2211 in
743 2154 965 2214 civ-itate
1007 2154 1244 2213 minime
1279 2150 1578 2214 favorabili-

293 2259 453 2297 natus
475 2285 492 2310 ‚
531 2239 857 2318 quaesturam
876 2285 893 2310 ‚
929 2260 1023 2297 aut
1048 2238 1394 2296 tribunatum
1423 2285 1439 2309 ,
1477 2259 1575 2297 aut

295 2342 590 2405 praeturam
610 2322 820 2403 accepi:
844 2321 1016 2399 quam
1038 2345 1131 2381 eos
1146 2369 1161 2393 ‚
1186 2320 1386 2400 quibus
1409 2323 1577 2394 mihi,

295 2428 399 2488 pro
437 2405 826 2464 mediocritate
859 2406 1017 2487 hujus
1047 2403 1575 2487 quantulaecumque

296 2491 357 2547 in
383 2488 626 2548 dicendo
657 2487 933 2547 facultatis
957 2538 973 2561 ,
1010 2509 1102 2547 aut
1129 2510 1289 2546 reum
1315 2487 1572 2570 prospere

300 2571 603 2632 defendere
622 2621 637 2645 ,
675 2594 769 2631 aut
788 2572 934 2654 apud
955 2572 1331 2633 centumviros
1354 2571 1576 2631 causam

296 2654 548 2738 aliquam
576 2654 818 2719 feliciter
842 2667 997 2720 orare
1020 2704 1037 2732 ,
1071 2677 1164 2718 aut
1188 2656 1337 2740 apud
1358 2656 1579 2733 princi-22
