1663 2958
191 153 507 217 D1AL0GUs
552 183 621 219 m:
668 161 1097 234 ORATomssus.
1201 192 1310 260 169

44 245 232 336 saepius
261 257 468 316 steterit
493 278 781 341 tamquam
806 267 866 326 in
890 271 1004 332 acie
1027 320 1044 344 ,
1086 277 1312 361 quoque

45 335 227 422 plures
274 347 331 398 &
375 340 627 400 intulerit
670 345 847 421 ictus,
894 361 951 412 ὃς
995 366 1310 443 exceperit,

41 421 154 502 quo
199 427 379 500 major
423 421 759 488 adversarius
786 477 803 502 ‚
848 436 915 492 eo
953 441 1164 517 acrior,
1213 450 1312 528 qui

42 509 250 587 pugnas
297 502 397 562 fibi
443 504 651 586 asperas
695 511 1060 599 desumpserit
1089 572 1105 597 ,
1153 534 1310 590 tanto

41 583 201 657 altior
233 631 249 656 ,
295 593 353 645 &
392 588 688 670 excelfior3
727 603 786 654 δε
827 599 936 658 illis
982 607 1307 673 nobilitatus

41 668 399 743 criminibu8,
434 672 495 730 in
524 696 619 734 ore
655 677 957 742 hominum
983 689 1098 768 agit
1118 737 1135 761 ,
1173 717 1312 774 quo-

41 772 164 811 tum
196 774 260 810 ea
290 773 484 814 natura
508 758 583 815 est
604 805 621 830 ‚
658 781 718 819 ut
743 760 929 825 secura
953 771 1145 831 velint.

115 835 447 897 XXXVIII.
493 842 789 904 TRANsEo
840 849 912 908 ad
956 850 1203 917 formam
1248 870 1308 921 &

39 915 502 980 consuetudinem
524 946 778 987 veterum
799 933 1166 1006 judiciorum:
1188 937 1309 1023 quae

35 999 130 1061 'etfi
153 1024 299 1060 nunc
333 1005 512 1085 aptior
536 1011 611 1067 est
633 1014 884 1088 veritati,
920 1019 1305 1102 eloquentiam

34 1100 224 1144 tamen
256 1085 401 1146 illud
434 1089 621 1150 forum
658 1098 835 1178 magis
871 1105 1161 1167 exercebat
1184 1156 1200 1182 ,
1246 1112 1307 1172 in

31 1189 146 1247 quo
177 1191 348 1228 nemo
379 1171 525 1231 intra
562 1180 906 1258 pauciffimas
941 1186 1100 1248 horas
1136 1192 1304 1274 pe‘ro-

29 1271 150 1309 rare
189 1253 529 1334 cogebatur,
574 1268 631 1319 δέ
674 1261 858 1323 liberae
901 1277 1301 1354 comperendi-

29 1333 282 1393 nationes
321 1359 514 1410 erant,
559 1350 620 1401 ὃς
651 1346 891 1406 modum
929 1351 1158 1415 dicendi
1198 1359 1299 1420 fibi

25 1415 259 1498 quisque
311 1417 567 1482 sumebat
605 1473 623 1497 ,
679 1436 737 1487 ὃς
788 1454 1055 1496 numerus
1097 1464 1298 1523 neque

29 1499 249 1559 dierum
313 1525 496 1585 neque
552 1530 919 1589 patronorum
982 1520 1297 1587 finiebatur.

25 1583 242 1643 Primus
277 1585 597 1664 hujusmodi
636 1592 807 1675 spatia
836 1645 853 1670 ,
900 1602 1066 1661 tertio
1102 1609 1299 1669 consu-

22 1664 170 1738 latu,
198 1670 310 1727 Cn.
333 1672 632 1753 Pompeius
660 1677 976 1757 adstrinxit,
1002 1686 1299 1769 imposuit-

22 1771 132 1831 que
160 1751 334 1810 veluti
357 1750 543 1814 frenos
569 1757 899 1840 eloquentiae
918 1815 934 1839 ,
968 1768 1044 1827 i'ta
1069 1791 1256 1835 tamen
1276 1826 1294 1850 ,

23 1852 85 1891 ut
110 1833 302 1892 omnia
329 1835 388 1893 in
413 1835 538 1897 foro
561 1887 577 1911 ,
608 1845 800 1903 omnia
824 1846 1040 1931 legibus
1060 1902 1076 1926 ‚
1102 1862 1295 1919 omnia

21 1915 169 1997 apud
220 1939 475 1999 praetores
521 1946 846 2006 gererentur
884 1957 897 1989 ε
956 1938 1103 2018 apud
1153 1937 1293 2023 quos

21 2002 232 2078 quanto
271 2010 482 2083 majora
509 2011 736 2091 negotia
769 2013 907 2073 olim
943 2026 1183 2083 exerceri
1212 2026 1295 2087 so·-

9 2081 119 2140 {lita
152 2081 255 2142 sint
281 2131 297 2156 ,
344 2087 499 2166 quod
534 2100 710 2173 majus
744 2108 1140 2179 argumentum
1177 2112 1252 2168 est
1275 2159 1293 2182 ‚

13 2165 193 2245 *qudm
244 2169 400 2248 quod
446 2173 612 2232 causae
666 2184 1125 2261 centumvitales,
1172 2216 1292 2272 quae

22 2270 168 2307 nunc
219 2252 466 2331 primum
518 2258 777 2320 obtinent
832 2264 1017 2325 locum
1066 2317 1082 2342 ,
1148 2275 1291 2336 adeo

19 2329 314 2412 splendore
347 2336 584 2399 aliorum
611 2345 950 2422 judiciorum
978 2352 1290 2418 obrueban-

17 2432 108 2472 ‘rnr
130 2461 145 2484 ,
171 2438 231 2474 ut
256 2441 438 2499 neque
462 2425 754 2487 Ciceronis
777 2478 791 2499 ‚
820 2456 1003 2513 neque
1026 2438 1285 2515 Caesaris,

17 2503 208 2578 neque
230 2502 385 2570 Bruti
402 2551 418 2575 ‚
444 2529 624 2586 neque
644 2512 815 2570 Coelii
838 2563 854 2586 ,
883 2539 1066 2597 neque
1087 2524 1286 2598 Calvi,

19 2578 140 2639 'non
175 2581 417 2664 denique
455 2589 619 2650 ullius
651 2598 842 2678 magni
878 2603 1108 2662 oratoris
1144 2606 1285 2670 liber

165 2668 315 2724 Tom.
365 2673 430 2730 V
418 2674 464 2730 L
1069 2691 1126 2747 H
