<?xml version="1.0" encoding="UTF-8"?>
<!DOCTYPE html PUBLIC "-//W3C//DTD XHTML 1.0 Transitional//EN"
    "http://www.w3.org/TR/xhtml1/DTD/xhtml1-transitional.dtd">
<html xmlns="http://www.w3.org/1999/xhtml" xml:lang="en" lang="en">
 <head>
  <title>
</title>
<meta http-equiv="Content-Type" content="text/html;charset=utf-8" />
  <meta name='ocr-system' content='tesseract 3.04.00' />
  <meta name='ocr-capabilities' content='ocr_page ocr_carea ocr_par ocr_line ocrx_word'/>
</head>
<body>
  <div class='ocr_page' id='page_1' title='image "./ccorneliitacitio06taci_0139.png"; bbox 0 0 1663 2958; ppageno 0'>
   <div class='ocr_carea' id='block_1_1' title="bbox 198 185 1330 266">
    <p class='ocr_par' dir='ltr' id='par_1_1' title="bbox 198 185 1330 266">
     <span class='ocr_line' id='line_1_1' title="bbox 198 185 1330 266; baseline 0 -19"><span class='ocrx_word' id='word_1_1' title='bbox 198 185 518 247; x_wconf 75' lang='lat' dir='ltr'>DrAtoous</span> <span class='ocrx_word' id='word_1_2' title='bbox 569 209 637 246; x_wconf 84' lang='lat' dir='ltr'>DE</span> <span class='ocrx_word' id='word_1_3' title='bbox 686 185 1120 265; x_wconf 74' lang='lat' dir='ltr'>ORAT0R1BUS.‘</span> <span class='ocrx_word' id='word_1_4' title='bbox 1219 209 1330 266; x_wconf 85' lang='lat'>129</span> 
     </span>
    </p>
   </div>
   <div class='ocr_carea' id='block_1_2' title="bbox 24 283 1336 2607">
    <p class='ocr_par' dir='ltr' id='par_1_2' title="bbox 24 283 1336 1507">
     <span class='ocr_line' id='line_1_2' title="bbox 64 283 1334 369; baseline 0.001 -24"><span class='ocrx_word' id='word_1_5' title='bbox 64 308 225 369; x_wconf 85' lang='lat' dir='ltr'>cepta</span> <span class='ocrx_word' id='word_1_6' title='bbox 249 289 535 347; x_wconf 82' lang='lat' dir='ltr'>rhetorum</span> <span class='ocrx_word' id='word_1_7' title='bbox 554 331 571 356; x_wconf 89' lang='lat'>‚</span> <span class='ocrx_word' id='word_1_8' title='bbox 608 305 702 344; x_wconf 88' lang='lat' dir='ltr'>aut</span> <span class='ocrx_word' id='word_1_9' title='bbox 730 283 1189 368; x_wconf 88' lang='lat' dir='ltr'>philosophorum</span> <span class='ocrx_word' id='word_1_10' title='bbox 1215 287 1334 368; x_wconf 85' lang='lat' dir='ltr'>pla-</span> 
     </span>
     <span class='ocr_line' id='line_1_3' title="bbox 26 366 1333 451; baseline 0.003 -25"><span class='ocrx_word' id='word_1_11' title='bbox 26 375 28 379; x_wconf 80' lang='grc'>’</span> <span class='ocrx_word' id='word_1_12' title='bbox 63 371 172 427; x_wconf 87' lang='lat' dir='ltr'>cita</span> <span class='ocrx_word' id='word_1_13' title='bbox 191 417 207 441; x_wconf 89' lang='lat'>,</span> <span class='ocrx_word' id='word_1_14' title='bbox 230 387 625 451; x_wconf 82' lang='lat' dir='ltr'><strong>cognoverant.</strong></span> <span class='ocrx_word' id='word_1_15' title='bbox 649 366 727 424; x_wconf 91' lang='lat' dir='ltr'>At</span> <span class='ocrx_word' id='word_1_16' title='bbox 751 368 975 427; x_wconf 83' lang='lat' dir='ltr'>hercule</span> <span class='ocrx_word' id='word_1_17' title='bbox 997 371 1333 451; x_wconf 84' lang='lat' dir='ltr'>pervulgatis</span> 
     </span>
     <span class='ocr_line' id='line_1_4' title="bbox 24 449 1336 535; baseline 0.003 -26"><span class='ocrx_word' id='word_1_18' title='bbox 24 464 27 465; x_wconf 72' lang='grc'>’</span> <span class='ocrx_word' id='word_1_19' title='bbox 62 458 179 533; x_wconf 85' lang='lat' dir='ltr'>jam</span> <span class='ocrx_word' id='word_1_20' title='bbox 212 452 474 509; x_wconf 89' lang='lat' dir='ltr'>omnibus</span> <span class='ocrx_word' id='word_1_21' title='bbox 498 495 515 521; x_wconf 86' lang='lat'>‚</span> <span class='ocrx_word' id='word_1_22' title='bbox 561 449 691 507; x_wconf 76' lang='lat' dir='ltr'>cum</span> <span class='ocrx_word' id='word_1_23' title='bbox 727 450 817 509; x_wconf 86' lang='lat' dir='ltr'>vix</span> <span class='ocrx_word' id='word_1_24' title='bbox 848 451 906 508; x_wconf 88' lang='lat' dir='ltr'>in</span> <span class='ocrx_word' id='word_1_25' title='bbox 940 452 1153 511; x_wconf 61' lang='lat' dir='ltr'>cortina</span> <span class='ocrx_word' id='word_1_26' title='bbox 1184 453 1336 535; x_wconf 81' lang='lat' dir='ltr'>quis-</span> 
     </span>
     <span class='ocr_line' id='line_1_5' title="bbox 63 530 1334 614; baseline 0.004 -23"><span class='ocrx_word' id='word_1_27' title='bbox 63 549 236 614; x_wconf 83' lang='lat' dir='ltr'>quam</span> <span class='ocrx_word' id='word_1_28' title='bbox 268 530 482 591; x_wconf 81' lang='lat' dir='ltr'>adsistat</span> <span class='ocrx_word' id='word_1_29' title='bbox 506 578 523 603; x_wconf 86' lang='lat'>‚</span> <span class='ocrx_word' id='word_1_30' title='bbox 572 533 670 612; x_wconf 88' lang='lat' dir='ltr'>qui</span> <span class='ocrx_word' id='word_1_31' title='bbox 698 531 992 592; x_wconf 88' lang='lat' dir='ltr'>elementis</span> <span class='ocrx_word' id='word_1_32' title='bbox 1024 536 1334 597; x_wconf 89' lang='lat' dir='ltr'>studiorum</span> 
     </span>
     <span class='ocr_line' id='line_1_6' title="bbox 65 615 1335 695; baseline 0.006 -23"><span class='ocrx_word' id='word_1_33' title='bbox 65 625 124 677; x_wconf 86' lang='lat'>&amp;</span> <span class='ocrx_word' id='word_1_34' title='bbox 148 615 185 673; x_wconf 87' lang='lat' dir='ltr'>fi</span> <span class='ocrx_word' id='word_1_35' title='bbox 209 638 325 673; x_wconf 90' lang='lat' dir='ltr'>non</span> <span class='ocrx_word' id='word_1_36' title='bbox 348 616 634 674; x_wconf 65' lang='lat' dir='ltr'>instructus</span> <span class='ocrx_word' id='word_1_37' title='bbox 655 663 670 687; x_wconf 88' lang='lat'>,</span> <span class='ocrx_word' id='word_1_38' title='bbox 707 635 762 673; x_wconf 85' lang='lat' dir='ltr'>at</span> <span class='ocrx_word' id='word_1_39' title='bbox 784 618 929 674; x_wconf 70' lang='lat' dir='ltr'>certe</span> <span class='ocrx_word' id='word_1_40' title='bbox 955 618 1204 677; x_wconf 86' lang='lat' dir='ltr'>imbutus</span> <span class='ocrx_word' id='word_1_41' title='bbox 1229 620 1294 679; x_wconf 85' lang='lat' dir='ltr'>fit</span> <span class='ocrx_word' id='word_1_42' title='bbox 1314 668 1335 695; x_wconf 89' lang='lat'>‚</span> 
     </span>
     <span class='ocr_line' id='line_1_7' title="bbox 61 697 1333 779; baseline 0.003 -20"><span class='ocrx_word' id='word_1_43' title='bbox 61 699 217 759; x_wconf 88' lang='lat' dir='ltr'>novis</span> <span class='ocrx_word' id='word_1_44' title='bbox 257 707 313 758; x_wconf 88' lang='lat'>&amp;</span> <span class='ocrx_word' id='word_1_45' title='bbox 355 697 630 779; x_wconf 83' lang='lat' dir='ltr'>exquifitis</span> <span class='ocrx_word' id='word_1_46' title='bbox 671 698 1004 778; x_wconf 62' lang='lat' dir='ltr'>eloquentiae</span> <span class='ocrx_word' id='word_1_47' title='bbox 1039 701 1333 763; x_wconf 84' lang='lat' dir='ltr'>itineribus</span> 
     </span>
     <span class='ocr_line' id='line_1_8' title="bbox 58 779 1332 864; baseline 0.003 -23"><span class='ocrx_word' id='word_1_48' title='bbox 58 804 195 864; x_wconf 85' lang='lat' dir='ltr'>opus</span> <span class='ocrx_word' id='word_1_49' title='bbox 217 783 290 840; x_wconf 89' lang='lat' dir='ltr'>est</span> <span class='ocrx_word' id='word_1_50' title='bbox 304 828 320 853; x_wconf 89' lang='grc'>,</span> <span class='ocrx_word' id='word_1_51' title='bbox 346 803 442 862; x_wconf 92' lang='lat' dir='ltr'>per</span> <span class='ocrx_word' id='word_1_52' title='bbox 463 804 581 861; x_wconf 84' lang='lat' dir='ltr'>quae</span> <span class='ocrx_word' id='word_1_53' title='bbox 605 802 789 839; x_wconf 88' lang='lat' dir='ltr'>orator</span> <span class='ocrx_word' id='word_1_54' title='bbox 809 779 1091 861; x_wconf 86' lang='lat' dir='ltr'>fastidium</span> <span class='ocrx_word' id='word_1_55' title='bbox 1110 786 1332 845; x_wconf 88' lang='lat' dir='ltr'>aurium</span> 
     </span>
     <span class='ocr_line' id='line_1_9' title="bbox 61 863 1331 947; baseline 0.002 -23"><span class='ocrx_word' id='word_1_56' title='bbox 61 863 289 946; x_wconf 84' lang='lat' dir='ltr'>effugiat</span> <span class='ocrx_word' id='word_1_57' title='bbox 309 911 326 936; x_wconf 85' lang='grc'>,</span> <span class='ocrx_word' id='word_1_58' title='bbox 351 864 544 944; x_wconf 86' lang='lat' dir='ltr'>utique</span> <span class='ocrx_word' id='word_1_59' title='bbox 567 865 714 945; x_wconf 87' lang='lat' dir='ltr'>apud</span> <span class='ocrx_word' id='word_1_60' title='bbox 739 887 832 924; x_wconf 89' lang='lat' dir='ltr'>eos</span> <span class='ocrx_word' id='word_1_61' title='bbox 850 865 1061 945; x_wconf 87' lang='lat' dir='ltr'>judices</span> <span class='ocrx_word' id='word_1_62' title='bbox 1079 915 1096 939; x_wconf 85' lang='grc'>,</span> <span class='ocrx_word' id='word_1_63' title='bbox 1122 869 1218 947; x_wconf 91' lang='lat' dir='ltr'>qui</span> <span class='ocrx_word' id='word_1_64' title='bbox 1242 869 1331 940; x_wconf 87' lang='lat' dir='ltr'>vi,</span> 
     </span>
     <span class='ocr_line' id='line_1_10' title="bbox 54 945 1332 1032; baseline 0.002 -25"><span class='ocrx_word' id='word_1_65' title='bbox 54 945 152 1008; x_wconf 48' lang='lat' dir='ltr'>‘aut</span> <span class='ocrx_word' id='word_1_66' title='bbox 171 948 435 1030; x_wconf 83' lang='lat' dir='ltr'>potestate</span> <span class='ocrx_word' id='word_1_67' title='bbox 455 994 472 1018; x_wconf 83' lang='grc'>,</span> <span class='ocrx_word' id='word_1_68' title='bbox 498 970 612 1006; x_wconf 89' lang='lat' dir='ltr'>non</span> <span class='ocrx_word' id='word_1_69' title='bbox 630 955 749 1028; x_wconf 86' lang='lat' dir='ltr'>jure</span> <span class='ocrx_word' id='word_1_70' title='bbox 773 956 830 1006; x_wconf 87' lang='lat'>&amp;</span> <span class='ocrx_word' id='word_1_71' title='bbox 856 947 1071 1029; x_wconf 84' lang='lat' dir='ltr'>legibus</span> <span class='ocrx_word' id='word_1_72' title='bbox 1093 950 1332 1032; x_wconf 81' lang='lat' dir='ltr'>cognos—</span> 
     </span>
     <span class='ocr_line' id='line_1_11' title="bbox 57 1032 1332 1114; baseline 0.002 -24"><span class='ocrx_word' id='word_1_73' title='bbox 57 1052 189 1090; x_wconf 88' lang='lat' dir='ltr'>cunt</span> <span class='ocrx_word' id='word_1_74' title='bbox 214 1078 231 1103; x_wconf 84' lang='lat'>‚</span> <span class='ocrx_word' id='word_1_75' title='bbox 283 1039 341 1090; x_wconf 88' lang='lat'>&amp;</span> <span class='ocrx_word' id='word_1_76' title='bbox 399 1053 501 1090; x_wconf 90' lang='lat' dir='ltr'>nec</span> <span class='ocrx_word' id='word_1_77' title='bbox 554 1032 832 1113; x_wconf 88' lang='lat' dir='ltr'>accipiunt</span> <span class='ocrx_word' id='word_1_78' title='bbox 888 1052 1143 1114; x_wconf 89' lang='lat' dir='ltr'>tempora</span> <span class='ocrx_word' id='word_1_79' title='bbox 1173 1079 1190 1105; x_wconf 85' lang='lat'>‚</span> <span class='ocrx_word' id='word_1_80' title='bbox 1232 1032 1332 1093; x_wconf 91' lang='lat' dir='ltr'>sed</span> 
     </span>
     <span class='ocr_line' id='line_1_12' title="bbox 55 1113 1330 1194; baseline 0.002 -21"><span class='ocrx_word' id='word_1_81' title='bbox 55 1115 395 1173; x_wconf 88' lang='lat' dir='ltr'>constituunt</span> <span class='ocrx_word' id='word_1_82' title='bbox 423 1159 439 1184; x_wconf 89' lang='lat'>‚</span> <span class='ocrx_word' id='word_1_83' title='bbox 495 1136 597 1173; x_wconf 86' lang='lat' dir='ltr'>nec</span> <span class='ocrx_word' id='word_1_84' title='bbox 645 1113 1074 1194; x_wconf 62' lang='lat' dir='ltr'>exspectandum</span> <span class='ocrx_word' id='word_1_85' title='bbox 1120 1115 1330 1176; x_wconf 88' lang='lat' dir='ltr'>habent</span> 
     </span>
     <span class='ocr_line' id='line_1_13' title="bbox 55 1195 1329 1280; baseline 0.002 -24"><span class='ocrx_word' id='word_1_86' title='bbox 55 1218 338 1256; x_wconf 88' lang='lat' dir='ltr'>oratorem</span> <span class='ocrx_word' id='word_1_87' title='bbox 356 1244 371 1268; x_wconf 86' lang='lat'>‚</span> <span class='ocrx_word' id='word_1_88' title='bbox 398 1196 538 1254; x_wconf 88' lang='lat' dir='ltr'>dum</span> <span class='ocrx_word' id='word_1_89' title='bbox 560 1195 644 1254; x_wconf 87' lang='lat' dir='ltr'>illi</span> <span class='ocrx_word' id='word_1_90' title='bbox 667 1196 838 1255; x_wconf 87' lang='lat' dir='ltr'>libeat</span> <span class='ocrx_word' id='word_1_91' title='bbox 864 1196 934 1254; x_wconf 90' lang='lat' dir='ltr'>de</span> <span class='ocrx_word' id='word_1_92' title='bbox 956 1197 1073 1279; x_wconf 88' lang='lat' dir='ltr'>ipso</span> <span class='ocrx_word' id='word_1_93' title='bbox 1096 1200 1329 1280; x_wconf 90' lang='lat' dir='ltr'>negotio</span> 
     </span>
     <span class='ocr_line' id='line_1_14' title="bbox 55 1277 1332 1362; baseline 0.002 -23"><span class='ocrx_word' id='word_1_94' title='bbox 55 1280 242 1340; x_wconf 85' lang='lat' dir='ltr'>dicere</span> <span class='ocrx_word' id='word_1_95' title='bbox 267 1326 284 1351; x_wconf 84' lang='lat'>‚</span> <span class='ocrx_word' id='word_1_96' title='bbox 314 1278 411 1338; x_wconf 91' lang='lat' dir='ltr'>sed</span> <span class='ocrx_word' id='word_1_97' title='bbox 436 1277 570 1360; x_wconf 81' lang='lat' dir='ltr'>saepe</span> <span class='ocrx_word' id='word_1_98' title='bbox 599 1278 745 1337; x_wconf 90' lang='lat' dir='ltr'>ultro</span> <span class='ocrx_word' id='word_1_99' title='bbox 768 1279 1081 1339; x_wconf 84' lang='lat' dir='ltr'>admonent</span> <span class='ocrx_word' id='word_1_100' title='bbox 1102 1328 1120 1352; x_wconf 83' lang='grc'>,</span> <span class='ocrx_word' id='word_1_101' title='bbox 1161 1302 1332 1362; x_wconf 84' lang='lat' dir='ltr'>atque</span> 
     </span>
     <span class='ocr_line' id='line_1_15' title="bbox 54 1361 1332 1443; baseline 0.002 -22"><span class='ocrx_word' id='word_1_102' title='bbox 54 1362 165 1422; x_wconf 79' lang='lat' dir='ltr'>alio</span> <span class='ocrx_word' id='word_1_103' title='bbox 202 1361 703 1443; x_wconf 83' lang='lat' dir='ltr'>transgredientem</span> <span class='ocrx_word' id='word_1_104' title='bbox 739 1384 1003 1422; x_wconf 81' lang='lat' dir='ltr'>revocant</span> <span class='ocrx_word' id='word_1_105' title='bbox 1026 1409 1044 1435; x_wconf 86' lang='grc'>,</span> <span class='ocrx_word' id='word_1_106' title='bbox 1089 1371 1146 1422; x_wconf 85' lang='lat'>&amp;</span> <span class='ocrx_word' id='word_1_107' title='bbox 1177 1363 1332 1424; x_wconf 88' lang='lat' dir='ltr'>festi-</span> 
     </span>
     <span class='ocr_line' id='line_1_16' title="bbox 52 1444 577 1507; baseline -0.006 0"><span class='ocrx_word' id='word_1_108' title='bbox 52 1468 184 1507; x_wconf 86' lang='lat' dir='ltr'>nare</span> <span class='ocrx_word' id='word_1_109' title='bbox 217 1444 269 1505; x_wconf 87' lang='lat' dir='ltr'>se</span> <span class='ocrx_word' id='word_1_110' title='bbox 297 1447 577 1504; x_wconf 86' lang='lat' dir='ltr'>testantur.</span> 
     </span>
    </p>

    <p class='ocr_par' dir='ltr' id='par_1_3' title="bbox 35 1527 1334 2607">
     <span class='ocr_line' id='line_1_17' title="bbox 55 1527 1330 1604; baseline 0.002 -16"><span class='ocrx_word' id='word_1_111' title='bbox 55 1538 57 1541; x_wconf 50' lang='lat'><strong>⁴</strong></span> <span class='ocrx_word' id='word_1_112' title='bbox 137 1530 271 1588; x_wconf 85' lang='lat' dir='ltr'>XX.</span> <span class='ocrx_word' id='word_1_113' title='bbox 314 1531 421 1604; x_wconf 81' lang='lat' dir='ltr'>QU</span> <span class='ocrx_word' id='word_1_114' title='bbox 440 1551 494 1586; x_wconf 85' lang='lat' dir='ltr'>IS</span> <span class='ocrx_word' id='word_1_115' title='bbox 545 1551 691 1587; x_wconf 87' lang='lat' dir='ltr'>nunc</span> <span class='ocrx_word' id='word_1_116' title='bbox 735 1527 878 1588; x_wconf 86' lang='lat' dir='ltr'>feret</span> <span class='ocrx_word' id='word_1_117' title='bbox 924 1549 1207 1589; x_wconf 80' lang='lat' dir='ltr'>oratorem</span> <span class='ocrx_word' id='word_1_118' title='bbox 1255 1530 1330 1591; x_wconf 85' lang='lat' dir='ltr'>de</span> 
     </span>
     <span class='ocr_line' id='line_1_18' title="bbox 51 1610 1330 1693; baseline 0.003 -22"><span class='ocrx_word' id='word_1_119' title='bbox 51 1611 380 1671; x_wconf 84' lang='lat' dir='ltr'>infirmitate</span> <span class='ocrx_word' id='word_1_120' title='bbox 422 1610 756 1670; x_wconf 83' lang='lat' dir='ltr'>valetudinis</span> <span class='ocrx_word' id='word_1_121' title='bbox 801 1610 903 1670; x_wconf 84' lang='lat' dir='ltr'>suae</span> <span class='ocrx_word' id='word_1_122' title='bbox 955 1611 1330 1693; x_wconf 81' lang='lat' dir='ltr'>praefantem?</span> 
     </span>
     <span class='ocr_line' id='line_1_19' title="bbox 49 1692 1329 1777; baseline 0.002 -23"><span class='ocrx_word' id='word_1_123' title='bbox 49 1695 238 1777; x_wconf 85' lang='lat' dir='ltr'>qualia</span> <span class='ocrx_word' id='word_1_124' title='bbox 269 1693 393 1753; x_wconf 85' lang='lat' dir='ltr'>sunt</span> <span class='ocrx_word' id='word_1_125' title='bbox 430 1692 547 1752; x_wconf 86' lang='lat' dir='ltr'>fere</span> <span class='ocrx_word' id='word_1_126' title='bbox 583 1695 852 1776; x_wconf 84' lang='lat' dir='ltr'>principia</span> <span class='ocrx_word' id='word_1_127' title='bbox 882 1697 1139 1755; x_wconf 82' lang='lat' dir='ltr'>Corvini.</span> <span class='ocrx_word' id='word_1_128' title='bbox 1182 1697 1329 1770; x_wconf 81' lang='lat' dir='ltr'>Quis</span> 
     </span>
     <span class='ocr_line' id='line_1_20' title="bbox 52 1777 1328 1859; baseline 0 -22"><span class='ocrx_word' id='word_1_129' title='bbox 52 1780 303 1859; x_wconf 77' lang='lat' dir='ltr'>quinque</span> <span class='ocrx_word' id='word_1_130' title='bbox 342 1777 402 1834; x_wconf 90' lang='lat' dir='ltr'>in</span> <span class='ocrx_word' id='word_1_131' title='bbox 441 1779 686 1837; x_wconf 88' lang='lat' dir='ltr'>Verrem</span> <span class='ocrx_word' id='word_1_132' title='bbox 730 1777 900 1835; x_wconf 87' lang='lat' dir='ltr'>libros</span> <span class='ocrx_word' id='word_1_133' title='bbox 945 1777 1328 1859; x_wconf 65' lang='lat' dir='ltr'>exspectabit?</span> 
     </span>
     <span class='ocr_line' id='line_1_21' title="bbox 51 1859 1327 1943; baseline 0.001 -23"><span class='ocrx_word' id='word_1_134' title='bbox 51 1862 195 1937; x_wconf 83' lang='lat' dir='ltr'>Quis</span> <span class='ocrx_word' id='word_1_135' title='bbox 227 1860 298 1920; x_wconf 93' lang='lat' dir='ltr'>de</span> <span class='ocrx_word' id='word_1_136' title='bbox 331 1860 656 1941; x_wconf 83' lang='lat' dir='ltr'>exceptione</span> <span class='ocrx_word' id='word_1_137' title='bbox 689 1870 746 1920; x_wconf 74' lang='grc' dir='ltr'>δε</span> <span class='ocrx_word' id='word_1_138' title='bbox 777 1859 1019 1918; x_wconf 67' lang='lat' dir='ltr'>formula</span> <span class='ocrx_word' id='word_1_139' title='bbox 1045 1863 1327 1943; x_wconf 53' lang='lat' dir='ltr'>perpetiea</span> 
     </span>
     <span class='ocr_line' id='line_1_22' title="bbox 54 1942 1327 2027; baseline 0.002 -24"><span class='ocrx_word' id='word_1_140' title='bbox 54 1965 142 2003; x_wconf 87' lang='lat' dir='ltr'>tur</span> <span class='ocrx_word' id='word_1_141' title='bbox 168 1943 264 2002; x_wconf 79' lang='lat' dir='ltr'>illa</span> <span class='ocrx_word' id='word_1_142' title='bbox 290 1942 565 2002; x_wconf 88' lang='lat' dir='ltr'>immensa</span> <span class='ocrx_word' id='word_1_143' title='bbox 589 1943 880 2002; x_wconf 88' lang='lat' dir='ltr'>volumina</span> <span class='ocrx_word' id='word_1_144' title='bbox 907 1991 923 2015; x_wconf 85' lang='grc'>,</span> <span class='ocrx_word' id='word_1_145' title='bbox 960 1966 1079 2024; x_wconf 84' lang='lat' dir='ltr'>quae</span> <span class='ocrx_word' id='word_1_146' title='bbox 1106 1967 1206 2027; x_wconf 86' lang='lat' dir='ltr'>pto</span> <span class='ocrx_word' id='word_1_147' title='bbox 1233 1947 1327 2005; x_wconf 88' lang='lat' dir='ltr'>M.</span> 
     </span>
     <span class='ocr_line' id='line_1_23' title="bbox 37 2025 1329 2107; baseline 0.001 -21"><span class='ocrx_word' id='word_1_148' title='bbox 37 2026 249 2086; x_wconf 51' lang='lat' dir='ltr'>:Tullio</span> <span class='ocrx_word' id='word_1_149' title='bbox 264 2075 279 2099; x_wconf 85' lang='grc'>,</span> <span class='ocrx_word' id='word_1_150' title='bbox 301 2047 393 2085; x_wconf 87' lang='lat' dir='ltr'>aut</span> <span class='ocrx_word' id='word_1_151' title='bbox 414 2025 484 2085; x_wconf 88' lang='lat' dir='ltr'>A.</span> <span class='ocrx_word' id='word_1_152' title='bbox 501 2026 724 2084; x_wconf 59' lang='lat' dir='ltr'>Caecina</span> <span class='ocrx_word' id='word_1_153' title='bbox 743 2026 1016 2107; x_wconf 85' lang='lat' dir='ltr'>legimus?</span> <span class='ocrx_word' id='word_1_154' title='bbox 1041 2030 1329 2087; x_wconf 67' lang='lat' dir='ltr'>Praecurrit</span> 
     </span>
     <span class='ocr_line' id='line_1_24' title="bbox 38 2109 1330 2193; baseline 0.001 -23"><span class='ocrx_word' id='word_1_155' title='bbox 38 2110 164 2172; x_wconf 74' lang='lat' dir='ltr'>=hoc</span> <span class='ocrx_word' id='word_1_156' title='bbox 193 2131 449 2193; x_wconf 85' lang='lat' dir='ltr'>tempore</span> <span class='ocrx_word' id='word_1_157' title='bbox 474 2109 640 2189; x_wconf 83' lang='lat' dir='ltr'>judex</span> <span class='ocrx_word' id='word_1_158' title='bbox 664 2110 950 2169; x_wconf 87' lang='lat' dir='ltr'>dicentem</span> <span class='ocrx_word' id='word_1_159' title='bbox 976 2156 992 2180; x_wconf 89' lang='lat'>‚</span> <span class='ocrx_word' id='word_1_160' title='bbox 1030 2120 1088 2170; x_wconf 86' lang='lat'>&amp;</span> <span class='ocrx_word' id='word_1_161' title='bbox 1111 2110 1213 2168; x_wconf 85' lang='lat' dir='ltr'>nisi</span> <span class='ocrx_word' id='word_1_162' title='bbox 1235 2131 1330 2171; x_wconf 84' lang='lat' dir='ltr'>aut</span> 
     </span>
     <span class='ocr_line' id='line_1_25' title="bbox 39 2191 1332 2276; baseline 0.001 -24"><span class='ocrx_word' id='word_1_163' title='bbox 39 2191 212 2253; x_wconf 58' lang='lat' dir='ltr'>vcursu</span> <span class='ocrx_word' id='word_1_164' title='bbox 239 2213 700 2276; x_wconf 85' lang='lat' dir='ltr'>argumentorum</span> <span class='ocrx_word' id='word_1_165' title='bbox 726 2240 743 2265; x_wconf 83' lang='lat'>,</span> <span class='ocrx_word' id='word_1_166' title='bbox 779 2213 873 2251; x_wconf 86' lang='lat' dir='ltr'>aut</span> <span class='ocrx_word' id='word_1_167' title='bbox 897 2192 1083 2251; x_wconf 86' lang='lat' dir='ltr'>colore</span> <span class='ocrx_word' id='word_1_168' title='bbox 1104 2192 1332 2253; x_wconf 88' lang='lat' dir='ltr'>senten-</span> 
     </span>
     <span class='ocr_line' id='line_1_26' title="bbox 36 2274 1328 2355; baseline 0.002 -20"><span class='ocrx_word' id='word_1_169' title='bbox 36 2277 263 2354; x_wconf 52' lang='lat' dir='ltr'>riarum</span> <span class='ocrx_word' id='word_1_170' title='bbox 285 2325 300 2349; x_wconf 84' lang='grc'>,</span> <span class='ocrx_word' id='word_1_171' title='bbox 324 2298 416 2335; x_wconf 81' lang='lat' dir='ltr'>aut</span> <span class='ocrx_word' id='word_1_172' title='bbox 434 2277 616 2335; x_wconf 89' lang='lat' dir='ltr'>nitore</span> <span class='ocrx_word' id='word_1_173' title='bbox 644 2284 699 2335; x_wconf 58' lang='grc' dir='ltr'>δέ</span> <span class='ocrx_word' id='word_1_174' title='bbox 723 2275 873 2333; x_wconf 86' lang='lat' dir='ltr'>cultu</span> <span class='ocrx_word' id='word_1_175' title='bbox 893 2274 1328 2355; x_wconf 83' lang='lat' dir='ltr'>descriptionum</span> 
     </span>
     <span class='ocr_line' id='line_1_27' title="bbox 57 2358 1334 2441; baseline 0 -23"><span class='ocrx_word' id='word_1_176' title='bbox 57 2360 320 2418; x_wconf 80' lang='lat' dir='ltr'>invitatus</span> <span class='ocrx_word' id='word_1_177' title='bbox 363 2369 419 2420; x_wconf 84' lang='lat'>&amp;</span> <span class='ocrx_word' id='word_1_178' title='bbox 456 2381 743 2441; x_wconf 87' lang='lat' dir='ltr'>corruptus</span> <span class='ocrx_word' id='word_1_179' title='bbox 778 2360 850 2416; x_wconf 87' lang='lat' dir='ltr'>est</span> <span class='ocrx_word' id='word_1_180' title='bbox 876 2405 891 2430; x_wconf 88' lang='lat'>,</span> <span class='ocrx_word' id='word_1_181' title='bbox 936 2358 1211 2417; x_wconf 78' lang='lat' dir='ltr'>aversatur</span> <span class='ocrx_word' id='word_1_182' title='bbox 1245 2361 1334 2418; x_wconf 87' lang='lat' dir='ltr'>di-</span> 
     </span>
     <span class='ocr_line' id='line_1_28' title="bbox 60 2440 1331 2524; baseline 0.001 -24"><span class='ocrx_word' id='word_1_183' title='bbox 60 2462 302 2501; x_wconf 86' lang='lat' dir='ltr'>centem.</span> <span class='ocrx_word' id='word_1_184' title='bbox 368 2442 588 2524; x_wconf 80' lang='lat' dir='ltr'>Vulgus</span> <span class='ocrx_word' id='word_1_185' title='bbox 638 2464 864 2523; x_wconf 86' lang='lat' dir='ltr'>quoque</span> <span class='ocrx_word' id='word_1_186' title='bbox 911 2440 1288 2502; x_wconf 81' lang='lat' dir='ltr'>adsistentium</span> <span class='ocrx_word' id='word_1_187' title='bbox 1311 2490 1331 2515; x_wconf 82' lang='grc'>,</span> 
     </span>
     <span class='ocr_line' id='line_1_29' title="bbox 35 2524 1331 2607; baseline 0.001 -23"><span class='ocrx_word' id='word_1_188' title='bbox 35 2534 119 2585; x_wconf 72' lang='grc' dir='ltr'>,δε</span> <span class='ocrx_word' id='word_1_189' title='bbox 161 2525 407 2584; x_wconf 81' lang='lat' dir='ltr'>adfluens</span> <span class='ocrx_word' id='word_1_190' title='bbox 452 2535 508 2585; x_wconf 85' lang='lat'>&amp;</span> <span class='ocrx_word' id='word_1_191' title='bbox 551 2548 719 2607; x_wconf 77' lang='lat' dir='ltr'>vagus</span> <span class='ocrx_word' id='word_1_192' title='bbox 761 2524 982 2583; x_wconf 87' lang='lat' dir='ltr'>auditor</span> <span class='ocrx_word' id='word_1_193' title='bbox 1015 2573 1032 2597; x_wconf 88' lang='lat'>‚</span> <span class='ocrx_word' id='word_1_194' title='bbox 1084 2524 1331 2585; x_wconf 88' lang='lat' dir='ltr'>adsuevit</span> 
     </span>
    </p>
   </div>
   <div class='ocr_carea' id='block_1_3' title="bbox 63 2607 1336 2752">
    <p class='ocr_par' dir='ltr' id='par_1_4' title="bbox 63 2607 1336 2752">
     <span class='ocr_line' id='line_1_30' title="bbox 63 2607 1336 2692; baseline 0.004 -26"><span class='ocrx_word' id='word_1_195' title='bbox 63 2615 180 2690; x_wconf 78' lang='lat' dir='ltr'>jam</span> <span class='ocrx_word' id='word_1_196' title='bbox 209 2609 427 2691; x_wconf 80' lang='lat' dir='ltr'>exigere</span> <span class='ocrx_word' id='word_1_197' title='bbox 455 2608 703 2674; x_wconf 81' lang='lat' dir='ltr'>laetitiam</span> <span class='ocrx_word' id='word_1_198' title='bbox 724 2654 740 2684; x_wconf 86' lang='lat'>‚</span> <span class='ocrx_word' id='word_1_199' title='bbox 776 2616 831 2670; x_wconf 70' lang='grc' dir='ltr'>δε</span> <span class='ocrx_word' id='word_1_200' title='bbox 858 2607 1336 2692; x_wconf 78' lang='lat' dir='ltr'>pulchritudinem</span> 
     </span>
     <span class='ocr_line' id='line_1_31' title="bbox 1020 2693 1135 2752; baseline 0.026 -3"><span class='ocrx_word' id='word_1_201' title='bbox 1020 2693 1056 2749; x_wconf 90' lang='lat' dir='ltr'>F</span> <span class='ocrx_word' id='word_1_202' title='bbox 1101 2714 1135 2752; x_wconf 88' lang='lat' dir='ltr'><strong>v</strong></span> 
     </span>
    </p>
   </div>
  </div>
 </body>
</html>
