<?xml version="1.0" encoding="UTF-8"?>
<!DOCTYPE html PUBLIC "-//W3C//DTD XHTML 1.0 Transitional//EN"
    "http://www.w3.org/TR/xhtml1/DTD/xhtml1-transitional.dtd">
<html xmlns="http://www.w3.org/1999/xhtml" xml:lang="en" lang="en">
 <head>
  <title>
</title>
<meta http-equiv="Content-Type" content="text/html;charset=utf-8" />
  <meta name='ocr-system' content='tesseract 3.04.00' />
  <meta name='ocr-capabilities' content='ocr_page ocr_carea ocr_par ocr_line ocrx_word'/>
</head>
<body>
  <div class='ocr_page' id='page_1' title='image "./ccorneliitacitio06taci_0385.png"; bbox 0 0 1663 2958; ppageno 0'>
   <div class='ocr_carea' id='block_1_1' title="bbox 179 145 1323 226">
    <p class='ocr_par' dir='ltr' id='par_1_1' title="bbox 179 145 1323 226">
     <span class='ocr_line' id='line_1_1' title="bbox 179 145 1323 226; baseline -0.004 -18"><span class='ocrx_word' id='word_1_1' title='bbox 179 147 291 208; x_wconf 82' lang='lat' dir='ltr'>CN.</span> <span class='ocrx_word' id='word_1_2' title='bbox 336 147 494 210; x_wconf 78' lang='lat' dir='ltr'>JUL11</span> <span class='ocrx_word' id='word_1_3' title='bbox 541 145 865 207; x_wconf 75' lang='lat' dir='ltr'>AcmcoLAE</span> <span class='ocrx_word' id='word_1_4' title='bbox 907 145 1118 208; x_wconf 78' lang='lat' dir='ltr'><strong>NOTAE.</strong></span> <span class='ocrx_word' id='word_1_5' title='bbox 1216 164 1323 226; x_wconf 82' lang='lat'>3²5</span> 
     </span>
    </p>
   </div>
   <div class='ocr_carea' id='block_1_2' title="bbox 55 245 1370 1102">
    <p class='ocr_par' dir='ltr' id='par_1_2' title="bbox 63 245 1370 639">
     <span class='ocr_line' id='line_1_2' title="bbox 133 245 1370 310; baseline 0 -14"><span class='ocrx_word' id='word_1_6' title='bbox 133 245 189 296; x_wconf 86' lang='lat' dir='ltr'>In</span> <span class='ocrx_word' id='word_1_7' title='bbox 201 246 414 310; x_wconf 74' lang='lat' dir='ltr'>frontem.</span> <span class='ocrx_word' id='word_1_8' title='bbox 439 247 493 294; x_wconf 90' lang='lat' dir='ltr'>In</span> <span class='ocrx_word' id='word_1_9' title='bbox 512 245 709 310; x_wconf 85' lang='lat' dir='ltr'>speciem</span> <span class='ocrx_word' id='word_1_10' title='bbox 733 267 745 293; x_wconf 90' lang='lat'>.·</span> <span class='ocrx_word' id='word_1_11' title='bbox 776 246 958 294; x_wconf 74' lang='lat' dir='ltr'>Gallice</span> <span class='ocrx_word' id='word_1_12' title='bbox 982 263 1037 294; x_wconf 85' lang='lat' dir='ltr'>en</span> <span class='ocrx_word' id='word_1_13' title='bbox 1060 261 1326 309; x_wconf 79' lang='lat' dir='ltr'>apparence.</span> <span class='ocrx_word' id='word_1_14' title='bbox 1362 266 1370 274; x_wconf 94' lang='lat'><strong>·</strong></span> 
     </span>
     <span class='ocr_line' id='line_1_3' title="bbox 64 310 1333 378; baseline 0 -19"><span class='ocrx_word' id='word_1_15' title='bbox 64 311 141 359; x_wconf 90' lang='lat' dir='ltr'>Sic</span> <span class='ocrx_word' id='word_1_16' title='bbox 162 314 340 361; x_wconf 88' lang='lat' dir='ltr'>Seneca</span> <span class='ocrx_word' id='word_1_17' title='bbox 358 351 372 373; x_wconf 87' lang='lat'>,</span> <span class='ocrx_word' id='word_1_18' title='bbox 412 312 604 361; x_wconf 81' lang='lat' dir='ltr'>Consol.</span> <span class='ocrx_word' id='word_1_19' title='bbox 626 313 682 358; x_wconf 87' lang='lat' dir='ltr'>ad</span> <span class='ocrx_word' id='word_1_20' title='bbox 705 312 921 360; x_wconf 83' lang='lat' dir='ltr'>Helviam</span> <span class='ocrx_word' id='word_1_21' title='bbox 938 350 951 372; x_wconf 86' lang='lat'><em>,</em></span> <span class='ocrx_word' id='word_1_22' title='bbox 985 329 1085 378; x_wconf 86' lang='lat' dir='ltr'>cap.</span> <span class='ocrx_word' id='word_1_23' title='bbox 1107 328 1150 372; x_wconf 85' lang='lat'>5.</span> <span class='ocrx_word' id='word_1_24' title='bbox 1177 310 1333 376; x_wconf 78' lang='lat' dir='ltr'>Iraque</span> 
     </span>
     <span class='ocr_line' id='line_1_4' title="bbox 64 377 1334 442; baseline 0.001 -17"><span class='ocrx_word' id='word_1_25' title='bbox 64 394 146 442; x_wconf 81' lang='lat' dir='ltr'>ego</span> <span class='ocrx_word' id='word_1_26' title='bbox 174 377 220 425; x_wconf 89' lang='lat' dir='ltr'>in</span> <span class='ocrx_word' id='word_1_27' title='bbox 250 377 344 425; x_wconf 81' lang='lat' dir='ltr'>illis</span> <span class='ocrx_word' id='word_1_28' title='bbox 363 414 380 436; x_wconf 88' lang='lat'><em>,</em></span> <span class='ocrx_word' id='word_1_29' title='bbox 415 393 511 441; x_wconf 85' lang='lat' dir='ltr'>quae</span> <span class='ocrx_word' id='word_1_30' title='bbox 541 393 693 424; x_wconf 82' lang='lat' dir='ltr'>omnes</span> <span class='ocrx_word' id='word_1_31' title='bbox 721 392 875 438; x_wconf 73' lang='lat' dir='ltr'>optant</span> <span class='ocrx_word' id='word_1_32' title='bbox 893 415 910 436; x_wconf 86' lang='lat'><em>,</em></span> <span class='ocrx_word' id='word_1_33' title='bbox 948 378 1334 442; x_wconf 70' lang='lat' dir='ltr'>existimavisem-</span> 
     </span>
     <span class='ocr_line' id='line_1_5' title="bbox 63 441 1330 508; baseline 0.001 -18"><span class='ocrx_word' id='word_1_34' title='bbox 63 459 174 505; x_wconf 78' lang='lat' dir='ltr'>per,</span> <span class='ocrx_word' id='word_1_35' title='bbox 202 441 317 490; x_wconf 81' lang='lat' dir='ltr'><em>nihil</em></span> <span class='ocrx_word' id='word_1_36' title='bbox 336 445 430 492; x_wconf 78' lang='lat' dir='ltr'>veri</span> <span class='ocrx_word' id='word_1_37' title='bbox 451 441 554 490; x_wconf 82' lang='lat' dir='ltr'>boni</span> <span class='ocrx_word' id='word_1_38' title='bbox 573 442 704 508; x_wconf 74' lang='lat' dir='ltr'>ineffe</span> <span class='ocrx_word' id='word_1_39' title='bbox 723 463 737 490; x_wconf 89' lang='lat'><em>:</em></span> <span class='ocrx_word' id='word_1_40' title='bbox 767 445 873 508; x_wconf 88' lang='lat' dir='ltr'>quin</span> <span class='ocrx_word' id='word_1_41' title='bbox 893 444 1056 493; x_wconf 87' lang='lat' dir='ltr'>inania</span> <span class='ocrx_word' id='word_1_42' title='bbox 1078 444 1330 508; x_wconf 64' lang='lat' dir='ltr'>&amp;speciofh</span> 
     </span>
     <span class='ocr_line' id='line_1_6' title="bbox 64 507 1332 573; baseline 0.002 -18"><span class='ocrx_word' id='word_1_43' title='bbox 64 525 124 556; x_wconf 87' lang='lat' dir='ltr'>ac</span> <span class='ocrx_word' id='word_1_44' title='bbox 155 507 520 571; x_wconf 67' lang='lat' dir='ltr'>deceptum-fuco</span> <span class='ocrx_word' id='word_1_45' title='bbox 550 507 804 558; x_wconf 83' lang='lat' dir='ltr'>circumlita</span> <span class='ocrx_word' id='word_1_46' title='bbox 831 510 1022 573; x_wconf 75' lang='lat' dir='ltr'>inveni,</span> <span class='ocrx_word' id='word_1_47' title='bbox 1057 511 1183 559; x_wconf 78' lang='lat' dir='ltr'>intra</span> <span class='ocrx_word' id='word_1_48' title='bbox 1217 509 1332 559; x_wconf 81' lang='lat' dir='ltr'>nihil</span> 
     </span>
     <span class='ocr_line' id='line_1_7' title="bbox 63 572 989 639; baseline 0.006 -18"><span class='ocrx_word' id='word_1_49' title='bbox 63 572 281 623; x_wconf 75' lang='lat' dir='ltr'>habentia</span> <span class='ocrx_word' id='word_1_50' title='bbox 292 575 442 636; x_wconf 63' lang='lat' dir='ltr'>fronti</span> <span class='ocrx_word' id='word_1_51' title='bbox 454 575 554 639; x_wconf 72' lang='lat' dir='ltr'>ficae</span> <span class='ocrx_word' id='word_1_52' title='bbox 564 572 734 639; x_wconf 78' lang='lat' dir='ltr'>simile.</span> <span class='ocrx_word' id='word_1_53' title='bbox 985 600 989 601; x_wconf 42' lang='lat'><em>⁷</em></span> 
     </span>
    </p>

    <p class='ocr_par' dir='ltr' id='par_1_3' title="bbox 55 638 1335 1102">
     <span class='ocr_line' id='line_1_8' title="bbox 127 638 1332 704; baseline 0.003 -17"><span class='ocrx_word' id='word_1_54' title='bbox 127 638 274 688; x_wconf 80' lang='lat' dir='ltr'>Hodie</span> <span class='ocrx_word' id='word_1_55' title='bbox 303 640 599 704; x_wconf 64' lang='lat' dir='ltr'>prosperrima</span> <span class='ocrx_word' id='word_1_56' title='bbox 623 641 749 704; x_wconf 69' lang='lat' dir='ltr'>fiant.</span> <span class='ocrx_word' id='word_1_57' title='bbox 792 641 936 690; x_wconf 86' lang='lat' dir='ltr'>Silvas</span> <span class='ocrx_word' id='word_1_58' title='bbox 969 644 1090 689; x_wconf 84' lang='lat' dir='ltr'>enim</span> <span class='ocrx_word' id='word_1_59' title='bbox 1120 642 1332 704; x_wconf 73' lang='lat' dir='ltr'>evasisse,</span> 
     </span>
     <span class='ocr_line' id='line_1_9' title="bbox 64 705 1334 771; baseline 0.002 -17"><span class='ocrx_word' id='word_1_60' title='bbox 64 705 259 754; x_wconf 77' lang='lat' dir='ltr'>transisse</span> <span class='ocrx_word' id='word_1_61' title='bbox 285 708 486 754; x_wconf 72' lang='lat' dir='ltr'>aestuaria</span> <span class='ocrx_word' id='word_1_62' title='bbox 504 744 517 766; x_wconf 91' lang='lat'>,</span> <span class='ocrx_word' id='word_1_63' title='bbox 546 722 720 754; x_wconf 85' lang='lat' dir='ltr'>tantum</span> <span class='ocrx_word' id='word_1_64' title='bbox 745 708 914 754; x_wconf 86' lang='lat' dir='ltr'>itineris</span> <span class='ocrx_word' id='word_1_65' title='bbox 946 706 1166 771; x_wconf 76' lang='lat' dir='ltr'>superasse</span> <span class='ocrx_word' id='word_1_66' title='bbox 1196 710 1334 757; x_wconf 83' lang='lat' dir='ltr'>hodie</span> 
     </span>
     <span class='ocr_line' id='line_1_10' title="bbox 66 769 1335 841; baseline 0.002 -21"><span class='ocrx_word' id='word_1_67' title='bbox 66 769 425 836; x_wconf 80' lang='lat' dir='ltr'>prosperrimum</span> <span class='ocrx_word' id='word_1_68' title='bbox 457 774 518 821; x_wconf 91' lang='lat' dir='ltr'>est</span> <span class='ocrx_word' id='word_1_69' title='bbox 540 791 550 819; x_wconf 92' lang='lat'>:</span> <span class='ocrx_word' id='word_1_70' title='bbox 584 771 659 821; x_wconf 89' lang='lat' dir='ltr'>sed</span> <span class='ocrx_word' id='word_1_71' title='bbox 678 774 708 821; x_wconf 88' lang='lat' dir='ltr'>fi</span> <span class='ocrx_word' id='word_1_72' title='bbox 728 773 965 840; x_wconf 83' lang='lat' dir='ltr'>fugiebant</span> <span class='ocrx_word' id='word_1_73' title='bbox 986 774 1186 822; x_wconf 86' lang='lat' dir='ltr'>Romani</span> <span class='ocrx_word' id='word_1_74' title='bbox 1206 813 1220 836; x_wconf 86' lang='lat'>‚</span> <span class='ocrx_word' id='word_1_75' title='bbox 1249 792 1335 841; x_wconf 83' lang='lat' dir='ltr'>pe-</span> 
     </span>
     <span class='ocr_line' id='line_1_11' title="bbox 66 838 567 887; baseline 0 -2"><span class='ocrx_word' id='word_1_76' title='bbox 66 838 428 887; x_wconf 78' lang='lat' dir='ltr'>riculofiffinium</span> <span class='ocrx_word' id='word_1_77' title='bbox 458 853 567 887; x_wconf 87' lang='lat' dir='ltr'>erat.</span> 
     </span>
     <span class='ocr_line' id='line_1_12' title="bbox 55 901 1331 967; baseline 0.002 -16"><span class='ocrx_word' id='word_1_78' title='bbox 55 920 59 925; x_wconf 58' lang='lat'><strong>²</strong></span> <span class='ocrx_word' id='word_1_79' title='bbox 132 901 227 952; x_wconf 81' lang='lat' dir='ltr'>Sed</span> <span class='ocrx_word' id='word_1_80' title='bbox 247 922 411 953; x_wconf 76' lang='lat' dir='ltr'>manus</span> <span class='ocrx_word' id='word_1_81' title='bbox 430 944 446 967; x_wconf 88' lang='lat'>,</span> <span class='ocrx_word' id='word_1_82' title='bbox 481 903 530 954; x_wconf 57' lang='grc' dir='ltr'>ἓν</span> <span class='ocrx_word' id='word_1_83' title='bbox 558 919 700 952; x_wconf 82' lang='lat' dir='ltr'>arma.</span> <span class='ocrx_word' id='word_1_84' title='bbox 733 902 809 952; x_wconf 83' lang='lat' dir='ltr'>Sic</span> <span class='ocrx_word' id='word_1_85' title='bbox 829 902 971 951; x_wconf 87' lang='lat' dir='ltr'>ferme</span> <span class='ocrx_word' id='word_1_86' title='bbox 990 901 1149 951; x_wconf 87' lang='lat' dir='ltr'>Livius</span> <span class='ocrx_word' id='word_1_87' title='bbox 1168 903 1231 964; x_wconf 87' lang='lat' dir='ltr'>V,</span> <span class='ocrx_word' id='word_1_88' title='bbox 1251 920 1331 962; x_wconf 77' lang='lat'>42.</span> 
     </span>
     <span class='ocr_line' id='line_1_13' title="bbox 63 968 1333 1037; baseline 0.002 -20"><span class='ocrx_word' id='word_1_89' title='bbox 63 968 213 1018; x_wconf 80' lang='lat' dir='ltr'>Arma</span> <span class='ocrx_word' id='word_1_90' title='bbox 248 973 428 1019; x_wconf 76' lang='lat' dir='ltr'>tantum</span> <span class='ocrx_word' id='word_1_91' title='bbox 447 969 711 1034; x_wconf 82' lang='lat' dir='ltr'>ferrumque</span> <span class='ocrx_word' id='word_1_92' title='bbox 740 969 786 1017; x_wconf 88' lang='lat' dir='ltr'>in</span> <span class='ocrx_word' id='word_1_93' title='bbox 816 969 994 1019; x_wconf 76' lang='lat' dir='ltr'>dextris</span> <span class='ocrx_word' id='word_1_94' title='bbox 1013 1006 1033 1030; x_wconf 84' lang='lat'><em>,</em></span> <span class='ocrx_word' id='word_1_95' title='bbox 1068 969 1192 1019; x_wconf 75' lang='lat' dir='ltr'>velut</span> <span class='ocrx_word' id='word_1_96' title='bbox 1203 970 1333 1037; x_wconf 63' lang='lat' dir='ltr'>fialas</span> 
     </span>
     <span class='ocr_line' id='line_1_14' title="bbox 57 1034 812 1102; baseline 0 -17"><span class='ocrx_word' id='word_1_97' title='bbox 57 1034 277 1102; x_wconf 75' lang='lat' dir='ltr'>reliquias</span> <span class='ocrx_word' id='word_1_98' title='bbox 290 1036 500 1102; x_wconf 62' lang='lat' dir='ltr'>speisuae</span> <span class='ocrx_word' id='word_1_99' title='bbox 517 1074 536 1097; x_wconf 92' lang='lat'><em>,</em></span> <span class='ocrx_word' id='word_1_100' title='bbox 567 1036 812 1085; x_wconf 76' lang='lat' dir='ltr'>intuentes.</span> 
     </span>
    </p>
   </div>
   <div class='ocr_carea' id='block_1_3' title="bbox 50 1166 1332 2688">
    <p class='ocr_par' dir='ltr' id='par_1_4' title="bbox 59 1166 1332 1300">
     <span class='ocr_line' id='line_1_15' title="bbox 127 1166 1332 1236; baseline 0.001 -19"><span class='ocrx_word' id='word_1_101' title='bbox 127 1167 256 1220; x_wconf 78' lang='lat' dir='ltr'><strong>CAP.</strong></span> <span class='ocrx_word' id='word_1_102' title='bbox 277 1168 518 1220; x_wconf 87' lang='lat' dir='ltr'><strong>XXXIV.</strong></span> <span class='ocrx_word' id='word_1_103' title='bbox 537 1168 685 1219; x_wconf 85' lang='lat' dir='ltr'>Unam</span> <span class='ocrx_word' id='word_1_104' title='bbox 705 1166 938 1234; x_wconf 61' lang='lat' dir='ltr'>iegionem.</span> <span class='ocrx_word' id='word_1_105' title='bbox 958 1166 1152 1217; x_wconf 84' lang='lat' dir='ltr'>Nonam</span> <span class='ocrx_word' id='word_1_106' title='bbox 1175 1168 1332 1236; x_wconf 77' lang='lat' dir='ltr'>legio-</span> 
     </span>
     <span class='ocr_line' id='line_1_16' title="bbox 59 1234 900 1300; baseline -0.004 -17"><span class='ocrx_word' id='word_1_107' title='bbox 59 1252 167 1283; x_wconf 86' lang='lat' dir='ltr'>nem</span> <span class='ocrx_word' id='word_1_108' title='bbox 195 1254 209 1297; x_wconf 87' lang='lat'>3</span> <span class='ocrx_word' id='word_1_109' title='bbox 246 1252 292 1284; x_wconf 90' lang='lat' dir='ltr'>ut</span> <span class='ocrx_word' id='word_1_110' title='bbox 315 1237 507 1284; x_wconf 82' lang='lat' dir='ltr'>vidimus</span> <span class='ocrx_word' id='word_1_111' title='bbox 534 1234 665 1300; x_wconf 63' lang='lat' dir='ltr'>supra</span> <span class='ocrx_word' id='word_1_112' title='bbox 695 1251 799 1299; x_wconf 90' lang='lat' dir='ltr'>cap.</span> <span class='ocrx_word' id='word_1_113' title='bbox 822 1242 900 1282; x_wconf 89' lang='lat'>26.</span> 
     </span>
    </p>

    <p class='ocr_par' dir='ltr' id='par_1_5' title="bbox 61 1300 1328 1432">
     <span class='ocr_line' id='line_1_17' title="bbox 128 1300 1328 1367; baseline -0.001 -18"><span class='ocrx_word' id='word_1_114' title='bbox 128 1301 346 1367; x_wconf 80' lang='lat' dir='ltr'>Agminis</span> <span class='ocrx_word' id='word_1_115' title='bbox 360 1302 492 1365; x_wconf 77' lang='lat' dir='ltr'>sbno.</span> <span class='ocrx_word' id='word_1_116' title='bbox 526 1301 644 1349; x_wconf 85' lang='lat' dir='ltr'>Haec</span> <span class='ocrx_word' id='word_1_117' title='bbox 679 1300 735 1348; x_wconf 86' lang='lat' dir='ltr'>dc</span> <span class='ocrx_word' id='word_1_118' title='bbox 765 1300 1008 1348; x_wconf 88' lang='lat' dir='ltr'>hominum</span> <span class='ocrx_word' id='word_1_119' title='bbox 1027 1337 1041 1361; x_wconf 88' lang='lat'>,</span> <span class='ocrx_word' id='word_1_120' title='bbox 1071 1317 1328 1367; x_wconf 72' lang='lat' dir='ltr'>equorum,</span> 
     </span>
     <span class='ocr_line' id='line_1_18' title="bbox 61 1368 696 1432; baseline 0.003 -19"><span class='ocrx_word' id='word_1_121' title='bbox 61 1382 230 1414; x_wconf 88' lang='lat' dir='ltr'>canum</span> <span class='ocrx_word' id='word_1_122' title='bbox 261 1370 448 1432; x_wconf 83' lang='lat' dir='ltr'>agmine</span> <span class='ocrx_word' id='word_1_123' title='bbox 474 1368 696 1432; x_wconf 80' lang='lat' dir='ltr'>intellige.</span> 
     </span>
    </p>

    <p class='ocr_par' dir='ltr' id='par_1_6' title="bbox 120 1432 1280 1499">
     <span class='ocr_line' id='line_1_19' title="bbox 120 1432 1280 1499; baseline -0.002 -17"><span class='ocrx_word' id='word_1_124' title='bbox 120 1432 233 1482; x_wconf 87' lang='lat' dir='ltr'>Non</span> <span class='ocrx_word' id='word_1_125' title='bbox 258 1432 529 1498; x_wconf 79' lang='lat' dir='ltr'>restiterunt.</span> <span class='ocrx_word' id='word_1_126' title='bbox 569 1432 640 1480; x_wconf 88' lang='lat' dir='ltr'>Ut</span> <span class='ocrx_word' id='word_1_127' title='bbox 666 1432 905 1481; x_wconf 85' lang='lat' dir='ltr'>Romanos</span> <span class='ocrx_word' id='word_1_128' title='bbox 935 1447 1280 1499; x_wconf 82' lang='lat' dir='ltr'>oppugnarent.</span> 
     </span>
    </p>

    <p class='ocr_par' dir='ltr' id='par_1_7' title="bbox 55 1496 1332 1961">
     <span class='ocr_line' id='line_1_20' title="bbox 122 1496 1329 1562; baseline 0 -16"><span class='ocrx_word' id='word_1_129' title='bbox 122 1496 217 1547; x_wconf 82' lang='lat' dir='ltr'>Res</span> <span class='ocrx_word' id='word_1_130' title='bbox 254 1498 305 1547; x_wconf 69' lang='lat' dir='ltr'>Cr·</span> <span class='ocrx_word' id='word_1_131' title='bbox 338 1514 533 1548; x_wconf 79' lang='lat' dir='ltr'>extremo</span> <span class='ocrx_word' id='word_1_132' title='bbox 565 1513 699 1548; x_wconf 82' lang='lat' dir='ltr'>meru.</span> <span class='ocrx_word' id='word_1_133' title='bbox 750 1498 818 1545; x_wconf 87' lang='lat' dir='ltr'>Ita</span> <span class='ocrx_word' id='word_1_134' title='bbox 853 1496 941 1545; x_wconf 88' lang='lat' dir='ltr'>Ms.</span> <span class='ocrx_word' id='word_1_135' title='bbox 977 1498 1128 1548; x_wconf 85' lang='lat' dir='ltr'>Vatic.</span> <span class='ocrx_word' id='word_1_136' title='bbox 1170 1517 1292 1562; x_wconf 82' lang='lat'><em>3429</em></span> <span class='ocrx_word' id='word_1_137' title='bbox 1315 1536 1329 1559; x_wconf 81' lang='grc'>,</span> 
     </span>
     <span class='ocr_line' id='line_1_21' title="bbox 57 1563 1332 1631; baseline 0.001 -20"><span class='ocrx_word' id='word_1_138' title='bbox 57 1568 103 1611; x_wconf 87' lang='lat'>&amp;</span> <span class='ocrx_word' id='word_1_139' title='bbox 130 1564 314 1631; x_wconf 82' lang='lat' dir='ltr'>quidem</span> <span class='ocrx_word' id='word_1_140' title='bbox 340 1565 462 1629; x_wconf 72' lang='lat' dir='ltr'>apte.</span> <span class='ocrx_word' id='word_1_141' title='bbox 498 1563 689 1614; x_wconf 84' lang='lat' dir='ltr'>Veteres</span> <span class='ocrx_word' id='word_1_142' title='bbox 712 1563 934 1611; x_wconf 84' lang='lat' dir='ltr'>editiones</span> <span class='ocrx_word' id='word_1_143' title='bbox 955 1581 1043 1628; x_wconf 87' lang='lat' dir='ltr'>pro</span> <span class='ocrx_word' id='word_1_144' title='bbox 1067 1582 1139 1612; x_wconf 80' lang='lat' dir='ltr'>res</span> <span class='ocrx_word' id='word_1_145' title='bbox 1160 1565 1332 1612; x_wconf 88' lang='lat' dir='ltr'>habent</span> 
     </span>
     <span class='ocr_line' id='line_1_22' title="bbox 57 1627 1332 1689; baseline 0.001 -11"><span class='ocrx_word' id='word_1_146' title='bbox 57 1628 122 1679; x_wconf 79' lang='lat' dir='ltr'>id.</span> <span class='ocrx_word' id='word_1_147' title='bbox 161 1630 274 1678; x_wconf 83' lang='lat' dir='ltr'>Inde</span> <span class='ocrx_word' id='word_1_148' title='bbox 297 1630 500 1678; x_wconf 84' lang='lat' dir='ltr'>Pichena</span> <span class='ocrx_word' id='word_1_149' title='bbox 529 1629 788 1677; x_wconf 87' lang='lat' dir='ltr'>emendavit</span> <span class='ocrx_word' id='word_1_150' title='bbox 807 1667 821 1689; x_wconf 89' lang='lat'>,</span> <span class='ocrx_word' id='word_1_151' title='bbox 858 1627 956 1677; x_wconf 81' lang='lat' dir='ltr'>ideo</span> <span class='ocrx_word' id='word_1_152' title='bbox 988 1643 1182 1678; x_wconf 77' lang='lat' dir='ltr'>extremo</span> <span class='ocrx_word' id='word_1_153' title='bbox 1211 1645 1332 1679; x_wconf 72' lang='lat' dir='ltr'>metu</span> 
     </span>
     <span class='ocr_line' id='line_1_23' title="bbox 57 1696 1326 1760; baseline 0.002 -18"><span class='ocrx_word' id='word_1_154' title='bbox 57 1711 262 1755; x_wconf 79' lang='lat' dir='ltr'>corpora.</span> <span class='ocrx_word' id='word_1_155' title='bbox 312 1697 389 1744; x_wconf 82' lang='lat' dir='ltr'>Sic</span> <span class='ocrx_word' id='word_1_156' title='bbox 420 1714 489 1744; x_wconf 87' lang='lat' dir='ltr'>res</span> <span class='ocrx_word' id='word_1_157' title='bbox 525 1702 570 1744; x_wconf 90' lang='lat'>&amp;</span> <span class='ocrx_word' id='word_1_158' title='bbox 607 1713 804 1760; x_wconf 85' lang='lat' dir='ltr'>corpora</span> <span class='ocrx_word' id='word_1_159' title='bbox 839 1698 1108 1744; x_wconf 87' lang='lat' dir='ltr'>memoravit</span> <span class='ocrx_word' id='word_1_160' title='bbox 1134 1696 1289 1744; x_wconf 83' lang='lat' dir='ltr'>Livius</span> <span class='ocrx_word' id='word_1_161' title='bbox 1310 1731 1326 1754; x_wconf 85' lang='lat'>‚</span> 
     </span>
     <span class='ocr_line' id='line_1_24' title="bbox 59 1758 1330 1829; baseline 0.002 -21"><span class='ocrx_word' id='word_1_162' title='bbox 59 1758 165 1808; x_wconf 72' lang='lat' dir='ltr'>etim</span> <span class='ocrx_word' id='word_1_163' title='bbox 200 1761 518 1810; x_wconf 86' lang='lat' dir='ltr'>Romanorum</span> <span class='ocrx_word' id='word_1_164' title='bbox 537 1800 551 1821; x_wconf 90' lang='lat'><em>‚</em></span> <span class='ocrx_word' id='word_1_165' title='bbox 585 1764 716 1827; x_wconf 66' lang='lat' dir='ltr'>capta</span> <span class='ocrx_word' id='word_1_166' title='bbox 745 1778 772 1808; x_wconf 87' lang='lat' dir='ltr'>a</span> <span class='ocrx_word' id='word_1_167' title='bbox 795 1759 943 1808; x_wconf 81' lang='lat' dir='ltr'>Gallis</span> <span class='ocrx_word' id='word_1_168' title='bbox 965 1761 1096 1810; x_wconf 85' lang='lat' dir='ltr'>Urbe</span> <span class='ocrx_word' id='word_1_169' title='bbox 1117 1801 1130 1822; x_wconf 86' lang='grc'>,</span> <span class='ocrx_word' id='word_1_170' title='bbox 1161 1761 1330 1829; x_wconf 83' lang='lat' dir='ltr'>angus-</span> 
     </span>
     <span class='ocr_line' id='line_1_25' title="bbox 57 1825 1329 1889; baseline 0.002 -16"><span class='ocrx_word' id='word_1_171' title='bbox 57 1829 139 1874; x_wconf 84' lang='lat' dir='ltr'>tias</span> <span class='ocrx_word' id='word_1_172' title='bbox 171 1826 434 1876; x_wconf 86' lang='lat' dir='ltr'>describeret</span> <span class='ocrx_word' id='word_1_173' title='bbox 456 1847 467 1876; x_wconf 90' lang='lat'><strong>:</strong></span> <span class='ocrx_word' id='word_1_174' title='bbox 507 1844 593 1875; x_wconf 91' lang='lat' dir='ltr'>nec</span> <span class='ocrx_word' id='word_1_175' title='bbox 618 1829 751 1876; x_wconf 84' lang='lat' dir='ltr'>ullius</span> <span class='ocrx_word' id='word_1_176' title='bbox 778 1844 927 1873; x_wconf 85' lang='lat' dir='ltr'>rerum</span> <span class='ocrx_word' id='word_1_177' title='bbox 952 1825 1130 1874; x_wconf 90' lang='lat' dir='ltr'>suarum</span> <span class='ocrx_word' id='word_1_178' title='bbox 1155 1830 1299 1876; x_wconf 68' lang='lat' dir='ltr'>reliffi</span> <span class='ocrx_word' id='word_1_179' title='bbox 1316 1867 1329 1889; x_wconf 88' lang='lat'>,</span> 
     </span>
     <span class='ocr_line' id='line_1_26' title="bbox 55 1892 1329 1961; baseline 0 -21"><span class='ocrx_word' id='word_1_180' title='bbox 55 1909 217 1959; x_wconf 82' lang='lat' dir='ltr'>praeter</span> <span class='ocrx_word' id='word_1_181' title='bbox 252 1892 389 1961; x_wconf 70' lang='lat' dir='ltr'>quarn</span> <span class='ocrx_word' id='word_1_182' title='bbox 428 1911 678 1960; x_wconf 87' lang='lat' dir='ltr'>corporum</span> <span class='ocrx_word' id='word_1_183' title='bbox 700 1932 714 1955; x_wconf 85' lang='lat'>,</span> <span class='ocrx_word' id='word_1_184' title='bbox 749 1893 966 1941; x_wconf 87' lang='lat' dir='ltr'>vindices.</span> <span class='ocrx_word' id='word_1_185' title='bbox 988 1892 1146 1941; x_wconf 87' lang='lat' dir='ltr'>Livius</span> <span class='ocrx_word' id='word_1_186' title='bbox 1164 1894 1229 1955; x_wconf 78' lang='lat' dir='ltr'>V&gt;</span> <span class='ocrx_word' id='word_1_187' title='bbox 1249 1913 1329 1953; x_wconf 79' lang='lat'>42.</span> 
     </span>
    </p>

    <p class='ocr_par' dir='ltr' id='par_1_8' title="bbox 50 1958 1331 2407">
     <span class='ocr_line' id='line_1_27' title="bbox 128 1958 1331 2025; baseline 0.001 -18"><span class='ocrx_word' id='word_1_188' title='bbox 128 1958 487 2025; x_wconf 78' lang='lat' dir='ltr'>Quinquaginta</span> <span class='ocrx_word' id='word_1_189' title='bbox 536 1961 690 2009; x_wconf 81' lang='lat' dir='ltr'>annis.</span> <span class='ocrx_word' id='word_1_190' title='bbox 748 1959 896 2007; x_wconf 85' lang='lat' dir='ltr'>Aulus</span> <span class='ocrx_word' id='word_1_191' title='bbox 937 1958 1136 2007; x_wconf 85' lang='lat' dir='ltr'>Plautius</span> <span class='ocrx_word' id='word_1_192' title='bbox 1164 1994 1177 2015; x_wconf 93' lang='lat'>,</span> <span class='ocrx_word' id='word_1_193' title='bbox 1218 1978 1331 2008; x_wconf 82' lang='lat' dir='ltr'>mox</span> 
     </span>
     <span class='ocr_line' id='line_1_28' title="bbox 55 2025 1330 2091; baseline -0.001 -17"><span class='ocrx_word' id='word_1_194' title='bbox 55 2025 278 2074; x_wconf 84' lang='lat' dir='ltr'>Claudius</span> <span class='ocrx_word' id='word_1_195' title='bbox 309 2026 432 2091; x_wconf 86' lang='lat' dir='ltr'>ipse,</span> <span class='ocrx_word' id='word_1_196' title='bbox 467 2027 724 2091; x_wconf 85' lang='lat' dir='ltr'>Imperator</span> <span class='ocrx_word' id='word_1_197' title='bbox 744 2064 758 2086; x_wconf 89' lang='lat'>‚</span> <span class='ocrx_word' id='word_1_198' title='bbox 791 2027 1105 2073; x_wconf 86' lang='lat' dir='ltr'>Britannicam</span> <span class='ocrx_word' id='word_1_199' title='bbox 1136 2026 1330 2090; x_wconf 81' lang='lat' dir='ltr'>expedi-</span> 
     </span>
     <span class='ocr_line' id='line_1_29' title="bbox 57 2090 1328 2158; baseline 0 -18"><span class='ocrx_word' id='word_1_200' title='bbox 57 2094 230 2140; x_wconf 90' lang='lat' dir='ltr'>tionem</span> <span class='ocrx_word' id='word_1_201' title='bbox 263 2091 493 2158; x_wconf 81' lang='lat' dir='ltr'>suscepere</span> <span class='ocrx_word' id='word_1_202' title='bbox 523 2111 648 2142; x_wconf 90' lang='lat' dir='ltr'>anno</span> <span class='ocrx_word' id='word_1_203' title='bbox 669 2093 812 2140; x_wconf 87' lang='lat' dir='ltr'>Urbis</span> <span class='ocrx_word' id='word_1_204' title='bbox 845 2090 1039 2138; x_wconf 87' lang='lat' dir='ltr'>conditae</span> <span class='ocrx_word' id='word_1_205' title='bbox 1061 2107 1328 2154; x_wconf 79' lang='lat' dir='ltr'>Dccxcv13</span> 
     </span>
     <span class='ocr_line' id='line_1_30' title="bbox 56 2156 1330 2224; baseline -0.002 -17"><span class='ocrx_word' id='word_1_206' title='bbox 56 2175 111 2207; x_wconf 83' lang='lat' dir='ltr'>ac</span> <span class='ocrx_word' id='word_1_207' title='bbox 129 2158 328 2224; x_wconf 84' lang='lat' dir='ltr'>proinde</span> <span class='ocrx_word' id='word_1_208' title='bbox 353 2160 410 2206; x_wconf 92' lang='lat' dir='ltr'>ad</span> <span class='ocrx_word' id='word_1_209' title='bbox 440 2160 561 2208; x_wconf 88' lang='lat' dir='ltr'>hunc</span> <span class='ocrx_word' id='word_1_210' title='bbox 590 2176 766 2206; x_wconf 83' lang='lat' dir='ltr'>annum</span> <span class='ocrx_word' id='word_1_211' title='bbox 794 2156 858 2205; x_wconf 89' lang='lat' dir='ltr'>U.</span> <span class='ocrx_word' id='word_1_212' title='bbox 883 2156 941 2204; x_wconf 87' lang='lat' dir='ltr'>C.</span> <span class='ocrx_word' id='word_1_213' title='bbox 965 2172 1330 2206; x_wconf 79' lang='lat' dir='ltr'>Deccxxxvln</span> 
     </span>
     <span class='ocr_line' id='line_1_31' title="bbox 54 2218 1329 2288; baseline -0.002 -16"><span class='ocrx_word' id='word_1_214' title='bbox 54 2240 354 2273; x_wconf 84' lang='lat' dir='ltr'>numerantur</span> <span class='ocrx_word' id='word_1_215' title='bbox 381 2225 557 2274; x_wconf 70' lang='lat' dir='ltr'>tantum</span> <span class='ocrx_word' id='word_1_216' title='bbox 594 2228 704 2272; x_wconf 88' lang='lat' dir='ltr'>anni</span> <span class='ocrx_word' id='word_1_217' title='bbox 733 2243 811 2282; x_wconf 86' lang='lat'>42.</span> <span class='ocrx_word' id='word_1_218' title='bbox 853 2218 950 2269; x_wconf 82' lang='lat' dir='ltr'>Hic</span> <span class='ocrx_word' id='word_1_219' title='bbox 977 2239 1089 2288; x_wconf 84' lang='lat' dir='ltr'>ergo</span> <span class='ocrx_word' id='word_1_220' title='bbox 1115 2222 1329 2286; x_wconf 84' lang='lat' dir='ltr'>quinqua-</span> 
     </span>
     <span class='ocr_line' id='line_1_32' title="bbox 50 2285 1331 2357; baseline 0 -18"><span class='ocrx_word' id='word_1_221' title='bbox 50 2290 189 2357; x_wconf 78' lang='lat' dir='ltr'>ginta</span> <span class='ocrx_word' id='word_1_222' title='bbox 227 2290 362 2340; x_wconf 78' lang='lat' dir='ltr'>annis</span> <span class='ocrx_word' id='word_1_223' title='bbox 400 2293 527 2341; x_wconf 87' lang='lat' dir='ltr'>idem</span> <span class='ocrx_word' id='word_1_224' title='bbox 566 2292 629 2339; x_wconf 90' lang='lat' dir='ltr'>est</span> <span class='ocrx_word' id='word_1_225' title='bbox 653 2329 667 2351; x_wconf 88' lang='lat'>,</span> <span class='ocrx_word' id='word_1_226' title='bbox 715 2307 769 2338; x_wconf 89' lang='lat' dir='ltr'>ac</span> <span class='ocrx_word' id='word_1_227' title='bbox 808 2285 958 2351; x_wconf 81' lang='lat' dir='ltr'>ferme</span> <span class='ocrx_word' id='word_1_228' title='bbox 1003 2287 1331 2355; x_wconf 76' lang='lat' dir='ltr'>quinquaginta</span> 
     </span>
     <span class='ocr_line' id='line_1_33' title="bbox 55 2357 207 2407; baseline 0 0"><span class='ocrx_word' id='word_1_229' title='bbox 55 2357 207 2407; x_wconf 77' lang='lat' dir='ltr'>anniS.</span> 
     </span>
    </p>

    <p class='ocr_par' dir='ltr' id='par_1_9' title="bbox 55 2420 1332 2619">
     <span class='ocr_line' id='line_1_34' title="bbox 124 2420 1331 2487; baseline 0 -18"><span class='ocrx_word' id='word_1_230' title='bbox 124 2421 220 2470; x_wconf 74' lang='lat' dir='ltr'>Aut</span> <span class='ocrx_word' id='word_1_231' title='bbox 249 2424 404 2487; x_wconf 82' lang='lat' dir='ltr'>causas</span> <span class='ocrx_word' id='word_1_232' title='bbox 426 2421 689 2474; x_wconf 82' lang='lat' dir='ltr'>rebellandi.</span> <span class='ocrx_word' id='word_1_233' title='bbox 723 2421 919 2469; x_wconf 82' lang='lat' dir='ltr'>Probate</span> <span class='ocrx_word' id='word_1_234' title='bbox 951 2438 1102 2470; x_wconf 87' lang='lat' dir='ltr'>moras</span> <span class='ocrx_word' id='word_1_235' title='bbox 1136 2420 1240 2468; x_wconf 86' lang='lat' dir='ltr'>belli</span> <span class='ocrx_word' id='word_1_236' title='bbox 1276 2437 1331 2469; x_wconf 82' lang='lat' dir='ltr'>ex</span> 
     </span>
     <span class='ocr_line' id='line_1_35' title="bbox 55 2487 1332 2549; baseline -0.001 -15"><span class='ocrx_word' id='word_1_237' title='bbox 55 2488 267 2536; x_wconf 87' lang='lat' dir='ltr'>locorum</span> <span class='ocrx_word' id='word_1_238' title='bbox 299 2490 562 2539; x_wconf 85' lang='lat' dir='ltr'>difficultate</span> <span class='ocrx_word' id='word_1_239' title='bbox 582 2527 595 2549; x_wconf 89' lang='lat'>‚</span> <span class='ocrx_word' id='word_1_240' title='bbox 643 2487 792 2536; x_wconf 83' lang='lat' dir='ltr'>causas</span> <span class='ocrx_word' id='word_1_241' title='bbox 828 2488 1078 2536; x_wconf 83' lang='lat' dir='ltr'>rebellandi</span> <span class='ocrx_word' id='word_1_242' title='bbox 1112 2505 1166 2534; x_wconf 82' lang='lat' dir='ltr'>ex</span> <span class='ocrx_word' id='word_1_243' title='bbox 1196 2488 1332 2534; x_wconf 83' lang='lat' dir='ltr'>inco-</span> 
     </span>
     <span class='ocr_line' id='line_1_36' title="bbox 56 2554 1019 2619; baseline -0.001 -16"><span class='ocrx_word' id='word_1_244' title='bbox 56 2554 203 2603; x_wconf 81' lang='lat' dir='ltr'>larum</span> <span class='ocrx_word' id='word_1_245' title='bbox 242 2555 398 2603; x_wconf 87' lang='lat' dir='ltr'>indole</span> <span class='ocrx_word' id='word_1_246' title='bbox 428 2556 556 2606; x_wconf 85' lang='lat' dir='ltr'>fuiffe</span> <span class='ocrx_word' id='word_1_247' title='bbox 583 2554 831 2619; x_wconf 56' lang='lat' dir='ltr'>profecras⁹</span> <span class='ocrx_word' id='word_1_248' title='bbox 1016 2589 1019 2591; x_wconf 53' lang='lat'><em>&gt;</em></span> 
     </span>
    </p>

    <p class='ocr_par' dir='ltr' id='par_1_10' title="bbox 122 2616 1330 2688">
     <span class='ocr_line' id='line_1_37' title="bbox 122 2616 1330 2688; baseline -0.002 -19"><span class='ocrx_word' id='word_1_249' title='bbox 122 2618 197 2671; x_wconf 80' lang='lat' dir='ltr'>Ita</span> <span class='ocrx_word' id='word_1_250' title='bbox 218 2619 440 2687; x_wconf 75' lang='lat' dir='ltr'>dispqsuit.</span> <span class='ocrx_word' id='word_1_251' title='bbox 463 2621 560 2672; x_wconf 84' lang='lat' dir='ltr'>Hic</span> <span class='ocrx_word' id='word_1_252' title='bbox 586 2620 759 2671; x_wconf 86' lang='lat' dir='ltr'>videtur</span> <span class='ocrx_word' id='word_1_253' title='bbox 785 2618 914 2670; x_wconf 72' lang='lat' dir='ltr'>fuisse</span> <span class='ocrx_word' id='word_1_254' title='bbox 942 2616 1170 2688; x_wconf 87' lang='lat' dir='ltr'>utriusque</span> <span class='ocrx_word' id='word_1_255' title='bbox 1200 2633 1330 2666; x_wconf 79' lang='lat' dir='ltr'>exet-</span> 
     </span>
    </p>
   </div>
  </div>
 </body>
</html>
