<?xml version="1.0" encoding="UTF-8"?>
<!DOCTYPE html PUBLIC "-//W3C//DTD XHTML 1.0 Transitional//EN"
    "http://www.w3.org/TR/xhtml1/DTD/xhtml1-transitional.dtd">
<html xmlns="http://www.w3.org/1999/xhtml" xml:lang="en" lang="en">
 <head>
  <title>
</title>
<meta http-equiv="Content-Type" content="text/html;charset=utf-8" />
  <meta name='ocr-system' content='tesseract 3.04.00' />
  <meta name='ocr-capabilities' content='ocr_page ocr_carea ocr_par ocr_line ocrx_word'/>
</head>
<body>
  <div class='ocr_page' id='page_1' title='image "./ccorneliitacitio06taci_0153.png"; bbox 0 0 1663 2958; ppageno 0'>
   <div class='ocr_carea' id='block_1_1' title="bbox 195 147 1322 239">
    <p class='ocr_par' dir='ltr' id='par_1_1' title="bbox 195 147 1322 239">
     <span class='ocr_line' id='line_1_1' title="bbox 195 147 1322 239; baseline 0.01 -28"><span class='ocrx_word' id='word_1_1' title='bbox 195 147 513 213; x_wconf 79' lang='lat' dir='ltr'>DrALoous</span> <span class='ocrx_word' id='word_1_2' title='bbox 558 176 632 211; x_wconf 77' lang='lat' dir='ltr'>m:</span> <span class='ocrx_word' id='word_1_3' title='bbox 677 153 1111 221; x_wconf 69' lang='lat' dir='ltr'>ORAToR-rss&#39;US.</span> <span class='ocrx_word' id='word_1_4' title='bbox 1213 183 1322 239; x_wconf 74' lang='lat'>145</span> 
     </span>
    </p>
   </div>
   <div class='ocr_carea' id='block_1_2' title="bbox 15 245 1362 2671">
    <p class='ocr_par' dir='ltr' id='par_1_2' title="bbox 15 245 1362 2671">
     <span class='ocr_line' id='line_1_2' title="bbox 51 245 1328 344; baseline 0.016 -39"><span class='ocrx_word' id='word_1_5' title='bbox 51 245 221 319; x_wconf 58' lang='lat' dir='ltr'>bonis</span> <span class='ocrx_word' id='word_1_6' title='bbox 260 251 467 310; x_wconf 89' lang='lat' dir='ltr'>artibus</span> <span class='ocrx_word' id='word_1_7' title='bbox 504 252 813 333; x_wconf 78' lang='lat' dir='ltr'>relinquit?</span> <span class='ocrx_word' id='word_1_8' title='bbox 854 279 1094 338; x_wconf 89' lang='lat' dir='ltr'>quotum</span> <span class='ocrx_word' id='word_1_9' title='bbox 1129 286 1328 344; x_wconf 85' lang='lat' dir='ltr'>quern-</span> 
     </span>
     <span class='ocr_line' id='line_1_3' title="bbox 45 334 1324 424; baseline 0.016 -35"><span class='ocrx_word' id='word_1_10' title='bbox 45 355 167 411; x_wconf 78' lang='lat' dir='ltr'>que</span> <span class='ocrx_word' id='word_1_11' title='bbox 188 334 464 393; x_wconf 90' lang='lat' dir='ltr'>inveneris</span> <span class='ocrx_word' id='word_1_12' title='bbox 485 381 501 405; x_wconf 89' lang='lat'>,</span> <span class='ocrx_word' id='word_1_13' title='bbox 531 337 630 414; x_wconf 87' lang='lat' dir='ltr'>qui</span> <span class='ocrx_word' id='word_1_14' title='bbox 652 338 812 398; x_wconf 91' lang='lat' dir='ltr'>domi</span> <span class='ocrx_word' id='word_1_15' title='bbox 832 343 1145 424; x_wconf 79' lang='lat' dir='ltr'><strong>quidquam</strong></span> <span class='ocrx_word' id='word_1_16' title='bbox 1171 347 1324 411; x_wconf 87' lang='lat' dir='ltr'>aliud</span> 
     </span>
     <span class='ocr_line' id='line_1_4' title="bbox 50 415 1327 498; baseline 0.016 -27"><span class='ocrx_word' id='word_1_17' title='bbox 50 415 364 495; x_wconf 73' lang='lat' dir='ltr'>loquatur?</span> <span class='ocrx_word' id='word_1_18' title='bbox 414 440 556 498; x_wconf 85' lang='lat' dir='ltr'>quos</span> <span class='ocrx_word' id='word_1_19' title='bbox 602 418 737 481; x_wconf 84' lang='lat' dir='ltr'>alios</span> <span class='ocrx_word' id='word_1_20' title='bbox 781 422 1327 492; x_wconf 85' lang='lat' dir='ltr'>adolescentulorum</span> 
     </span>
     <span class='ocr_line' id='line_1_5' title="bbox 47 495 1325 590; baseline 0.016 -35"><span class='ocrx_word' id='word_1_21' title='bbox 47 495 335 567; x_wconf 74' lang='lat' dir='ltr'>sermones</span> <span class='ocrx_word' id='word_1_22' title='bbox 358 502 690 582; x_wconf 80' lang='lat' dir='ltr'>excipinmS‚</span> <span class='ocrx_word' id='word_1_23' title='bbox 730 503 769 569; x_wconf 80' lang='lat' dir='ltr'>fi</span> <span class='ocrx_word' id='word_1_24' title='bbox 790 510 1018 586; x_wconf 86' lang='lat' dir='ltr'>quando</span> <span class='ocrx_word' id='word_1_25' title='bbox 1048 514 1325 590; x_wconf 88' lang='lat' dir='ltr'>auditoria</span> 
     </span>
     <span class='ocr_line' id='line_1_6' title="bbox 52 579 1325 674; baseline 0.017 -37"><span class='ocrx_word' id='word_1_26' title='bbox 52 579 412 646; x_wconf 81' lang='lat' dir='ltr'>intravimus?</span> <span class='ocrx_word' id='word_1_27' title='bbox 441 585 496 642; x_wconf 92' lang='lat' dir='ltr'>N</span> <span class='ocrx_word' id='word_1_28' title='bbox 500 607 537 657; x_wconf 21' lang='lat' dir='ltr'>e·</span> <span class='ocrx_word' id='word_1_29' title='bbox 548 607 906 669; x_wconf 84' lang='lat' dir='ltr'>praeceptores</span> <span class='ocrx_word' id='word_1_30' title='bbox 929 596 1162 674; x_wconf 89' lang='lat' dir='ltr'>quidem</span> <span class='ocrx_word' id='word_1_31' title='bbox 1188 598 1325 658; x_wconf 84' lang='lat' dir='ltr'>ullas</span> 
     </span>
     <span class='ocr_line' id='line_1_7' title="bbox 57 664 1325 743; baseline 0.016 -21"><span class='ocrx_word' id='word_1_32' title='bbox 57 664 358 725; x_wconf 80' lang='lat' dir='ltr'>crebriores</span> <span class='ocrx_word' id='word_1_33' title='bbox 403 690 532 725; x_wconf 92' lang='lat' dir='ltr'>cum</span> <span class='ocrx_word' id='word_1_34' title='bbox 575 670 919 732; x_wconf 79' lang='lat' dir='ltr'>auditoribus</span> <span class='ocrx_word' id='word_1_35' title='bbox 960 676 1067 736; x_wconf 88' lang='lat' dir='ltr'>suis</span> <span class='ocrx_word' id='word_1_36' title='bbox 1110 679 1325 743; x_wconf 88' lang='lat' dir='ltr'>fabulas</span> 
     </span>
     <span class='ocr_line' id='line_1_8' title="bbox 53 746 1326 843; baseline 0.016 -39"><span class='ocrx_word' id='word_1_37' title='bbox 53 746 264 809; x_wconf 87' lang='lat' dir='ltr'>habent</span> <span class='ocrx_word' id='word_1_38' title='bbox 296 773 314 814; x_wconf 17' lang='lat' dir='ltr'>‘z</span> <span class='ocrx_word' id='word_1_39' title='bbox 363 749 636 831; x_wconf 83' lang='lat' dir='ltr'>colligunt</span> <span class='ocrx_word' id='word_1_40' title='bbox 678 756 831 813; x_wconf 91' lang='lat' dir='ltr'>enim</span> <span class='ocrx_word' id='word_1_41' title='bbox 873 757 1168 843; x_wconf 84' lang='lat' dir='ltr'>discipulos</span> <span class='ocrx_word' id='word_1_42' title='bbox 1207 789 1326 825; x_wconf 90' lang='lat' dir='ltr'>non</span> 
     </span>
     <span class='ocr_line' id='line_1_9' title="bbox 48 828 1326 929; baseline 0.015 -41"><span class='ocrx_word' id='word_1_43' title='bbox 48 828 335 896; x_wconf 86' lang='lat' dir='ltr'>severitate</span> <span class='ocrx_word' id='word_1_44' title='bbox 359 831 656 916; x_wconf 64' lang='lat' dir='ltr'>disciplinae</span> <span class='ocrx_word' id='word_1_45' title='bbox 684 885 700 910; x_wconf 83' lang='lat'><strong>,</strong></span> <span class='ocrx_word' id='word_1_46' title='bbox 742 862 844 900; x_wconf 89' lang='lat' dir='ltr'>nec</span> <span class='ocrx_word' id='word_1_47' title='bbox 868 841 1082 924; x_wconf 83' lang='lat' dir='ltr'>ingenii</span> <span class='ocrx_word' id='word_1_48' title='bbox 1114 850 1326 929; x_wconf 75' lang='lat' dir='ltr'>expeti-</span> 
     </span>
     <span class='ocr_line' id='line_1_10' title="bbox 49 913 1328 1002; baseline 0.016 -30"><span class='ocrx_word' id='word_1_49' title='bbox 49 934 250 983; x_wconf 39' lang='lat' dir='ltr'>xmento</span> <span class='ocrx_word' id='word_1_50' title='bbox 274 962 290 988; x_wconf 88' lang='lat'>‚</span> <span class='ocrx_word' id='word_1_51' title='bbox 338 913 434 976; x_wconf 90' lang='lat' dir='ltr'>sed</span> <span class='ocrx_word' id='word_1_52' title='bbox 473 919 783 981; x_wconf 75' lang='lat' dir='ltr'>ambitione</span> <span class='ocrx_word' id='word_1_53' title='bbox 827 922 1186 991; x_wconf 86' lang='lat' dir='ltr'>salutantium</span> <span class='ocrx_word' id='word_1_54' title='bbox 1209 978 1226 1002; x_wconf 86' lang='lat'>‚</span> <span class='ocrx_word' id='word_1_55' title='bbox 1255 940 1328 992; x_wconf 76' lang='grc' dir='ltr'>,δε</span> 
     </span>
     <span class='ocr_line' id='line_1_11' title="bbox 43 995 1324 1094; baseline 0.016 -42"><span class='ocrx_word' id='word_1_56' title='bbox 43 995 322 1061; x_wconf 74' lang='lat' dir='ltr'>illecebris</span> <span class='ocrx_word' id='word_1_57' title='bbox 344 999 700 1066; x_wconf 81' lang='lat' dir='ltr'>adulationis,</span> <span class='ocrx_word' id='word_1_58' title='bbox 737 1007 985 1069; x_wconf 83' lang='lat' dir='ltr'>Transeo</span> <span class='ocrx_word' id='word_1_59' title='bbox 1011 1017 1192 1094; x_wconf 81' lang='lat' dir='ltr'>prima</span> <span class='ocrx_word' id='word_1_60' title='bbox 1218 1014 1324 1073; x_wconf 91' lang='lat' dir='ltr'>dis-</span> 
     </span>
     <span class='ocr_line' id='line_1_12' title="bbox 50 1081 1322 1180; baseline 0.017 -43"><span class='ocrx_word' id='word_1_61' title='bbox 50 1081 303 1140; x_wconf 89' lang='lat' dir='ltr'>centium</span> <span class='ocrx_word' id='word_1_62' title='bbox 352 1082 634 1146; x_wconf 89' lang='lat' dir='ltr'>elementa</span> <span class='ocrx_word' id='word_1_63' title='bbox 667 1135 684 1159; x_wconf 82' lang='grc'>,</span> <span class='ocrx_word' id='word_1_64' title='bbox 740 1090 801 1148; x_wconf 88' lang='lat' dir='ltr'>in</span> <span class='ocrx_word' id='word_1_65' title='bbox 848 1094 1048 1173; x_wconf 87' lang='lat' dir='ltr'>quibus</span> <span class='ocrx_word' id='word_1_66' title='bbox 1096 1105 1156 1156; x_wconf 85' lang='lat'>&amp;</span> <span class='ocrx_word' id='word_1_67' title='bbox 1197 1097 1322 1180; x_wconf 86' lang='lat' dir='ltr'>ipfis</span> 
     </span>
     <span class='ocr_line' id='line_1_13' title="bbox 48 1164 1323 1245; baseline 0.016 -25"><span class='ocrx_word' id='word_1_68' title='bbox 48 1186 246 1245; x_wconf 82' lang='lat' dir='ltr'>parum</span> <span class='ocrx_word' id='word_1_69' title='bbox 276 1164 625 1242; x_wconf 81' lang='lat' dir='ltr'>elaboratur:</span> <span class='ocrx_word' id='word_1_70' title='bbox 660 1194 763 1230; x_wconf 90' lang='lat' dir='ltr'>nec</span> <span class='ocrx_word' id='word_1_71' title='bbox 796 1175 855 1231; x_wconf 91' lang='lat' dir='ltr'>in</span> <span class='ocrx_word' id='word_1_72' title='bbox 884 1179 1198 1239; x_wconf 60' lang='lat' dir='ltr'>auctoribus</span> <span class='ocrx_word' id='word_1_73' title='bbox 1226 1205 1323 1240; x_wconf 84' lang='lat' dir='ltr'>co·-</span> 
     </span>
     <span class='ocr_line' id='line_1_14' title="bbox 45 1246 1321 1343; baseline 0.017 -41"><span class='ocrx_word' id='word_1_74' title='bbox 45 1246 375 1328; x_wconf 86' lang='lat' dir='ltr'>gnoscendis</span> <span class='ocrx_word' id='word_1_75' title='bbox 392 1297 408 1321; x_wconf 87' lang='lat'>‚</span> <span class='ocrx_word' id='word_1_76' title='bbox 436 1253 613 1311; x_wconf 89' lang='lat' dir='ltr'>necin</span> <span class='ocrx_word' id='word_1_77' title='bbox 635 1254 946 1317; x_wconf 65' lang='lat' dir='ltr'>evolvenda</span> <span class='ocrx_word' id='word_1_78' title='bbox 966 1263 1321 1343; x_wconf 88' lang='lat' dir='ltr'>antiquitate,</span> 
     </span>
     <span class='ocr_line' id='line_1_15' title="bbox 43 1331 1321 1421; baseline 0.013 -32"><span class='ocrx_word' id='word_1_79' title='bbox 43 1351 148 1389; x_wconf 87' lang='lat' dir='ltr'>nec</span> <span class='ocrx_word' id='word_1_80' title='bbox 177 1331 237 1387; x_wconf 89' lang='lat' dir='ltr'>in</span> <span class='ocrx_word' id='word_1_81' title='bbox 257 1333 461 1391; x_wconf 65' lang='lat' dir='ltr'>notitia</span> <span class='ocrx_word' id='word_1_82' title='bbox 485 1335 574 1393; x_wconf 89' lang='lat' dir='ltr'>vel</span> <span class='ocrx_word' id='word_1_83' title='bbox 598 1358 784 1396; x_wconf 89' lang='lat' dir='ltr'>rerum</span> <span class='ocrx_word' id='word_1_84' title='bbox 810 1388 826 1412; x_wconf 82' lang='grc'>,</span> <span class='ocrx_word' id='word_1_85' title='bbox 866 1342 955 1402; x_wconf 85' lang='lat' dir='ltr'>vel</span> <span class='ocrx_word' id='word_1_86' title='bbox 981 1344 1280 1405; x_wconf 87' lang='lat' dir='ltr'>hominum</span> <span class='ocrx_word' id='word_1_87' title='bbox 1303 1395 1321 1421; x_wconf 88' lang='lat'>‚</span> 
     </span>
     <span class='ocr_line' id='line_1_16' title="bbox 43 1411 1317 1505; baseline 0.016 -34"><span class='ocrx_word' id='word_1_88' title='bbox 43 1411 132 1471; x_wconf 91' lang='lat' dir='ltr'>vel</span> <span class='ocrx_word' id='word_1_89' title='bbox 179 1433 501 1497; x_wconf 84' lang='lat' dir='ltr'>temporum</span> <span class='ocrx_word' id='word_1_90' title='bbox 526 1465 543 1490; x_wconf 86' lang='lat'>‚</span> <span class='ocrx_word' id='word_1_91' title='bbox 581 1417 707 1480; x_wconf 86' lang='lat' dir='ltr'>satis</span> <span class='ocrx_word' id='word_1_92' title='bbox 757 1446 935 1505; x_wconf 78' lang='lat' dir='ltr'>operae</span> <span class='ocrx_word' id='word_1_93' title='bbox 977 1428 1317 1492; x_wconf 87' lang='lat' dir='ltr'>insumitur:</span> 
     </span>
     <span class='ocr_line' id='line_1_17' title="bbox 44 1493 1319 1583; baseline 0.018 -29"><span class='ocrx_word' id='word_1_94' title='bbox 44 1493 138 1556; x_wconf 90' lang='lat' dir='ltr'>sed</span> <span class='ocrx_word' id='word_1_95' title='bbox 173 1519 506 1579; x_wconf 86' lang='lat' dir='ltr'>expetuntur</span> <span class='ocrx_word' id='word_1_96' title='bbox 533 1549 549 1574; x_wconf 85' lang='lat'>‚</span> <span class='ocrx_word' id='word_1_97' title='bbox 607 1526 746 1583; x_wconf 88' lang='lat' dir='ltr'>quos</span> <span class='ocrx_word' id='word_1_98' title='bbox 787 1507 1034 1571; x_wconf 86' lang='lat' dir='ltr'>rhetoras</span> <span class='ocrx_word' id='word_1_99' title='bbox 1079 1537 1319 1580; x_wconf 85' lang='lat' dir='ltr'>vocant;</span> 
     </span>
     <span class='ocr_line' id='line_1_18' title="bbox 43 1582 1318 1674; baseline 0.019 -39"><span class='ocrx_word' id='word_1_100' title='bbox 43 1601 284 1658; x_wconf 88' lang='lat' dir='ltr'>quorum</span> <span class='ocrx_word' id='word_1_101' title='bbox 307 1582 564 1664; x_wconf 88' lang='lat' dir='ltr'>profeffio</span> <span class='ocrx_word' id='word_1_102' title='bbox 580 1588 806 1666; x_wconf 87' lang='lat' dir='ltr'>quando</span> <span class='ocrx_word' id='word_1_103' title='bbox 825 1595 1074 1674; x_wconf 77' lang='lat' dir='ltr'>primum</span> <span class='ocrx_word' id='word_1_104' title='bbox 1095 1599 1154 1656; x_wconf 90' lang='lat' dir='ltr'>in</span> <span class='ocrx_word' id='word_1_105' title='bbox 1174 1599 1318 1658; x_wconf 88' lang='lat' dir='ltr'>hanc</span> 
     </span>
     <span class='ocr_line' id='line_1_19' title="bbox 41 1663 1318 1759; baseline 0.016 -38"><span class='ocrx_word' id='word_1_106' title='bbox 41 1663 264 1722; x_wconf 87' lang='lat' dir='ltr'>Urbem</span> <span class='ocrx_word' id='word_1_107' title='bbox 291 1665 609 1726; x_wconf 66' lang='lat' dir='ltr'>i11trodu6ta</span> <span class='ocrx_word' id='word_1_108' title='bbox 634 1668 697 1728; x_wconf 83' lang='lat' dir='ltr'>sit</span> <span class='ocrx_word' id='word_1_109' title='bbox 723 1720 739 1744; x_wconf 82' lang='lat'>‚</span> <span class='ocrx_word' id='word_1_110' title='bbox 780 1698 1065 1759; x_wconf 88' lang='lat' dir='ltr'>quamque</span> <span class='ocrx_word' id='word_1_111' title='bbox 1102 1681 1318 1741; x_wconf 85' lang='lat' dir='ltr'>nullam</span> 
     </span>
     <span class='ocr_line' id='line_1_20' title="bbox 41 1747 1317 1831; baseline 0.019 -29"><span class='ocrx_word' id='word_1_112' title='bbox 41 1747 189 1825; x_wconf 84' lang='lat' dir='ltr'>apud</span> <span class='ocrx_word' id='word_1_113' title='bbox 232 1755 469 1827; x_wconf 87' lang='lat' dir='ltr'>majores</span> <span class='ocrx_word' id='word_1_114' title='bbox 511 1754 722 1815; x_wconf 86' lang='lat' dir='ltr'>nostros</span> <span class='ocrx_word' id='word_1_115' title='bbox 774 1764 1165 1831; x_wconf 64' lang='lat' dir='ltr'>auctoritatem</span> <span class='ocrx_word' id='word_1_116' title='bbox 1217 1766 1317 1825; x_wconf 86' lang='lat' dir='ltr'>ha-</span> 
     </span>
     <span class='ocr_line' id='line_1_21' title="bbox 42 1827 1119 1901; baseline 0.014 -15"><span class='ocrx_word' id='word_1_117' title='bbox 42 1827 226 1887; x_wconf 89' lang='lat' dir='ltr'>buerit</span> <span class='ocrx_word' id='word_1_118' title='bbox 249 1878 265 1901; x_wconf 81' lang='lat'>,</span> <span class='ocrx_word' id='word_1_119' title='bbox 306 1833 487 1890; x_wconf 88' lang='lat' dir='ltr'>statim</span> <span class='ocrx_word' id='word_1_120' title='bbox 522 1835 783 1897; x_wconf 77' lang='lat' dir='ltr'>docuero,</span> <span class='ocrx_word' id='word_1_121' title='bbox 1116 1874 1119 1876; x_wconf 27' lang='lat' dir='ltr'>v</span> 
     </span>
     <span class='ocr_line' id='line_1_22' title="bbox 121 1913 1315 1990; baseline 0.017 -20"><span class='ocrx_word' id='word_1_122' title='bbox 121 1913 315 1974; x_wconf 87' lang='lat' dir='ltr'>XXX.</span> <span class='ocrx_word' id='word_1_123' title='bbox 356 1917 654 1977; x_wconf 75' lang='lat' dir='ltr'>REFERAM</span> <span class='ocrx_word' id='word_1_124' title='bbox 694 1920 909 1983; x_wconf 81' lang='lat' dir='ltr'>neceffe</span> <span class='ocrx_word' id='word_1_125' title='bbox 949 1927 1025 1983; x_wconf 89' lang='lat' dir='ltr'>est</span> <span class='ocrx_word' id='word_1_126' title='bbox 1058 1929 1315 1990; x_wconf 88' lang='lat' dir='ltr'>animum</span> 
     </span>
     <span class='ocr_line' id='line_1_23' title="bbox 35 1993 1313 2086; baseline 0.015 -31"><span class='ocrx_word' id='word_1_127' title='bbox 35 1993 111 2055; x_wconf 72' lang='lat' dir='ltr'>ad</span> <span class='ocrx_word' id='word_1_128' title='bbox 149 2018 276 2055; x_wconf 90' lang='lat' dir='ltr'>eam</span> <span class='ocrx_word' id='word_1_129' title='bbox 323 1997 714 2082; x_wconf 85' lang='lat' dir='ltr'>disciplinam,</span> <span class='ocrx_word' id='word_1_130' title='bbox 765 2005 874 2086; x_wconf 65' lang='lat' dir='ltr'>qua</span> <span class='ocrx_word' id='word_1_131' title='bbox 918 2007 1041 2068; x_wconf 85' lang='lat' dir='ltr'>usos</span> <span class='ocrx_word' id='word_1_132' title='bbox 1075 2011 1181 2072; x_wconf 80' lang='lat' dir='ltr'>effe</span> <span class='ocrx_word' id='word_1_133' title='bbox 1218 2037 1313 2074; x_wconf 89' lang='lat' dir='ltr'>eos</span> 
     </span>
     <span class='ocr_line' id='line_1_24' title="bbox 35 2085 1356 2169; baseline 0.017 -34"><span class='ocrx_word' id='word_1_134' title='bbox 35 2099 284 2139; x_wconf 87' lang='lat' dir='ltr'>oratores</span> <span class='ocrx_word' id='word_1_135' title='bbox 334 2085 647 2165; x_wconf 85' lang='lat' dir='ltr'>accepimus</span> <span class='ocrx_word' id='word_1_136' title='bbox 689 2135 706 2160; x_wconf 85' lang='lat'>,</span> <span class='ocrx_word' id='word_1_137' title='bbox 768 2112 1011 2169; x_wconf 89' lang='lat' dir='ltr'>quorum</span> <span class='ocrx_word' id='word_1_138' title='bbox 1059 2096 1310 2157; x_wconf 80' lang='lat' dir='ltr'>infinitus</span> <span class='ocrx_word' id='word_1_139' title='bbox 1354 2111 1356 2113; x_wconf 72' lang='grc'><strong><em>’</em></strong></span> 
     </span>
     <span class='ocr_line' id='line_1_25' title="bbox 37 2159 1310 2249; baseline 0.016 -30"><span class='ocrx_word' id='word_1_140' title='bbox 37 2159 195 2220; x_wconf 85' lang='lat' dir='ltr'>labor</span> <span class='ocrx_word' id='word_1_141' title='bbox 224 2212 240 2236; x_wconf 86' lang='lat'>‚</span> <span class='ocrx_word' id='word_1_142' title='bbox 301 2172 357 2224; x_wconf 85' lang='lat'>&amp;</span> <span class='ocrx_word' id='word_1_143' title='bbox 394 2169 725 2246; x_wconf 84' lang='lat' dir='ltr'>quotidiana</span> <span class='ocrx_word' id='word_1_144' title='bbox 765 2174 1098 2249; x_wconf 79' lang='lat' dir='ltr'>meditatio,</span> <span class='ocrx_word' id='word_1_145' title='bbox 1134 2188 1208 2244; x_wconf 57' lang='grc' dir='ltr'>,ὃς</span> <span class='ocrx_word' id='word_1_146' title='bbox 1249 2181 1310 2240; x_wconf 85' lang='lat' dir='ltr'>in</span> 
     </span>
     <span class='ocr_line' id='line_1_26' title="bbox 36 2247 1307 2337; baseline 0.015 -34"><span class='ocrx_word' id='word_1_147' title='bbox 36 2247 196 2304; x_wconf 88' lang='lat' dir='ltr'>omni</span> <span class='ocrx_word' id='word_1_148' title='bbox 246 2271 451 2329; x_wconf 83' lang='lat' dir='ltr'>genere</span> <span class='ocrx_word' id='word_1_149' title='bbox 495 2252 803 2312; x_wconf 87' lang='lat' dir='ltr'>studiorum</span> <span class='ocrx_word' id='word_1_150' title='bbox 849 2259 1307 2337; x_wconf 83' lang='lat' dir='ltr'>exercitationes,</span> 
     </span>
     <span class='ocr_line' id='line_1_27' title="bbox 34 2327 1305 2409; baseline 0.016 -23"><span class='ocrx_word' id='word_1_151' title='bbox 34 2327 280 2409; x_wconf 87' lang='lat' dir='ltr'>ipsorum</span> <span class='ocrx_word' id='word_1_152' title='bbox 307 2333 479 2391; x_wconf 88' lang='lat' dir='ltr'>etiam</span> <span class='ocrx_word' id='word_1_153' title='bbox 512 2337 871 2397; x_wconf 87' lang='lat' dir='ltr'>continentur</span> <span class='ocrx_word' id='word_1_154' title='bbox 905 2340 1075 2401; x_wconf 90' lang='lat' dir='ltr'>libris.</span> <span class='ocrx_word' id='word_1_155' title='bbox 1125 2346 1305 2406; x_wconf 85' lang='lat' dir='ltr'>Notus</span> 
     </span>
     <span class='ocr_line' id='line_1_28' title="bbox 36 2413 1306 2506; baseline 0.017 -38"><span class='ocrx_word' id='word_1_156' title='bbox 36 2413 112 2469; x_wconf 91' lang='lat' dir='ltr'>est</span> <span class='ocrx_word' id='word_1_157' title='bbox 134 2413 294 2472; x_wconf 89' lang='lat' dir='ltr'>nobis</span> <span class='ocrx_word' id='word_1_158' title='bbox 314 2417 506 2497; x_wconf 86' lang='lat' dir='ltr'>utique</span> <span class='ocrx_word' id='word_1_159' title='bbox 528 2419 820 2480; x_wconf 83' lang='lat' dir='ltr'>Ciceronis</span> <span class='ocrx_word' id='word_1_160' title='bbox 844 2422 982 2483; x_wconf 92' lang='lat' dir='ltr'>liber</span> <span class='ocrx_word' id='word_1_161' title='bbox 998 2474 1015 2497; x_wconf 84' lang='grc'>,</span> <span class='ocrx_word' id='word_1_162' title='bbox 1049 2429 1144 2506; x_wconf 90' lang='lat' dir='ltr'>qui</span> <span class='ocrx_word' id='word_1_163' title='bbox 1170 2432 1306 2490; x_wconf 63' lang='lat' dir='ltr'>Bru-</span> 
     </span>
     <span class='ocr_line' id='line_1_29' title="bbox 15 2495 1302 2592; baseline 0.012 -36"><span class='ocrx_word' id='word_1_164' title='bbox 15 2515 121 2556; x_wconf 78' lang='lat' dir='ltr'>·1tus</span> <span class='ocrx_word' id='word_1_165' title='bbox 154 2495 467 2558; x_wconf 87' lang='lat' dir='ltr'>inscribitur</span> <span class='ocrx_word' id='word_1_166' title='bbox 495 2548 512 2572; x_wconf 87' lang='lat'>‚</span> <span class='ocrx_word' id='word_1_167' title='bbox 561 2503 619 2561; x_wconf 89' lang='lat' dir='ltr'>in</span> <span class='ocrx_word' id='word_1_168' title='bbox 656 2512 806 2585; x_wconf 86' lang='lat' dir='ltr'>cujus</span> <span class='ocrx_word' id='word_1_169' title='bbox 839 2510 1083 2568; x_wconf 68' lang='lat' dir='ltr'>extrema</span> <span class='ocrx_word' id='word_1_170' title='bbox 1112 2535 1264 2592; x_wconf 87' lang='lat' dir='ltr'>parte</span> <span class='ocrx_word' id='word_1_171' title='bbox 1284 2561 1302 2585; x_wconf 88' lang='lat'>‚</span> 
     </span>
     <span class='ocr_line' id='line_1_30' title="bbox 17 2580 1362 2671; baseline 0.016 -35"><span class='ocrx_word' id='word_1_172' title='bbox 17 2580 209 2656; x_wconf 86' lang='lat' dir='ltr'>(nam</span> <span class='ocrx_word' id='word_1_173' title='bbox 230 2582 380 2671; x_wconf 74' lang='lat' dir='ltr'>prior</span> <span class='ocrx_word' id='word_1_174' title='bbox 409 2591 1017 2652; x_wconf 82' lang='lat' dir='ltr'>commemorationem</span> <span class='ocrx_word' id='word_1_175' title='bbox 1045 2616 1298 2656; x_wconf 84' lang='lat' dir='ltr'>veterum</span> <span class='ocrx_word' id='word_1_176' title='bbox 1354 2608 1362 2615; x_wconf 86' lang='grc'><strong>’</strong></span> 
     </span>
    </p>
   </div>
  </div>
 </body>
</html>
