1663 2958
281 218 354 271 82.
469 208 1022 269 C.C0RN1‹:1;11
1074 213 1371 274 TAcrrr

276 312 410 370 :nhis
460 309 701 392 vestigiis
738 357 757 382 ,
807 309 868 367 in
909 311 1111 392 quibus
1161 314 1451 396 pulchram
1503 316 1564 377 δέ

217 453 222 459 ,
265 392 679 476 ·22spec5tabile1n
724 393 1019 454 victoriam
1066 399 1323 458 ederetis
1379 402 1562 459 Tran-

269 477 477 559 mfigite
529 500 660 535 cum
716 478 1167 560 expeditionibus
1205 530 1221 554 ‚
1281 483 1563 565 imponite

264 561 732 644 aquiiiquaginta
757 563 913 622 annis
940 587 1215 646 magnum
1240 565 1396 626 diem
1417 615 1433 639 ,
1469 567 1566 625 acl-

267 646 551 729 :nprobate
590 645 907 728 reipublicae
947 671 1264 729 numquam
1298 651 1564 709 exercitui

266 729 584 813 mimputari
610 729 845 812 potuisse
867 778 880 799 ‚
922 753 1018 791 aut
1046 754 1231 792 moras
1261 732 1396 793 belli
1416 781 1435 808 ,
1467 754 1565 795 aut

266 812 497 874 :acausas
526 813 911 874 rebellandi».

357 899 613 959 XXXV.
654 901 736 956 Er
775 898 1122 980 adloquente
1168 899 1351 958 adhuc
1389 898 1564 981 Agri*-

261 981 394 1042 'cola
429 982 681 1040 militum
718 982 886 1041 ardor
918 982 1211 1042 eminebat
1234 1031 1251 1055 ,
1299 992 1357 1043 δε
1385 982 1561 1042 finem

270 1064 542 1125 orationis
578 1067 779 1145 ingens
826 1065 1077 1124 alacritas
1117 1066 1413 1126 consecuta
1450 1068 1524 1125 est
1545 1112 1566 1138 ‚

268 1149 575 1230 statimque
601 1149 672 1208 ad
704 1171 859 1207 arma
890 1146 1215 1208 discursum.
1276 1150 1565 1209 Instinc'cos

264 1232 607 1314 ruentesque
631 1232 709 1291 ita
729 1231 997 1315 disposuit
1014 1281 1030 1304 ‚
1053 1253 1111 1291 ut
1130 1232 1393 1314 peditum
1418 1234 1565 1292 auxi-

266 1318 382 1390 lia,
407 1341 526 1399 quae
549 1321 678 1375 odto
702 1317 881 1376 millia
899 1337 1086 1389 erant,
1110 1317 1364 1376 mediam
1382 1317 1565 1376 aciem

262 1400 557 1460 firmarent
581 1425 594 1458 ι
632 1401 890 1481 equitum
915 1402 1020 1459 tria
1046 1399 1225 1459 millia
1243 1448 1260 1473 ‚
1299 1401 1563 1462 cornibus

265 1483 717 1553 adfunderentur
738 1509 751 1542 ι
775 1484 1026 1566 legiones
1045 1507 1146 1566 pro
1170 1484 1319 1544 vallo
1344 1486 1562 1559 stetere,

264 1568 466 1651 ingens
518 1568 762 1627 vistoriae
814 1568 983 1627 decus
1036 1569 1173 1626 citra
1225 1570 1561 1628 Romanum

265 1651 602 1734 sanguinem
634 1650 869 1710 bellanti
893 1699 909 1723 ,
951 1660 1008 1712 δέ
1032 1649 1303 1710 auxilium
1331 1699 1347 1723 ,
1383 1651 1422 1710 fi
1448 1651 1565 1734 pel-

266 1735 540 1796 lerentur.
590 1736 993 1794 Britannorum
1035 1735 1178 1794 acies
1216 1735 1275 1793 in
1315 1733 1564 1816 speciem

267 1819 435 1879 fimul
458 1844 520 1879 ac
546 1839 821 1878 terrorem
846 1818 1177 1879 editioribus
1200 1817 1335 1878 locis
1360 1821 1564 1879 consti—

268 1922 447 1976 terat,
475 1904 555 1962 ita
578 1923 639 1961 ut
662 1903 913 1984 primum
937 1925 1145 1986 agmen
1169 1925 1327 1982 aequo
1343 1950 1360 1975 ‚
1390 1904 1564 1964 ceteri

265 2009 369 2070 per
398 1986 608 2046 acclive
634 1992 835 2069 jugum
864 1987 1104 2046 connexi
1127 1985 1281 2045 velut
1310 1984 1566 2070 insurge-

265 2090 395 2131 rent
428 2095 440 2129 z
488 2069 679 2130 media
720 2071 905 2154 campi
943 2069 1254 2129 covinarius
1291 2078 1349 2129 &
1390 2093 1562 2151 eques

267 2155 500 2237 strepitu
513 2178 573 2214 ac
590 2151 834 2214 discursu
853 2153 1194 2237 complebat.
1214 2156 1372 2212 Tum
1389 2154 1562 2235 Agri-

271 2237 399 2298 cola
429 2286 446 2311 ,
495 2237 788 2322 superante
846 2238 1087 2297 hostium
1143 2236 1511 2298 multitudine
1539 2284 1559 2311 ‚

267 2322 477 2383 veritus
502 2370 518 2395 ‚
569 2344 641 2382 ne
675 2320 837 2382 simul
863 2324 923 2380 in
954 2320 1203 2381 frontem
1231 2368 1248 2393 ‚
1299 2318 1463 2381 simul
1501 2329 1561 2382 δε

270 2404 444 2465 latera
471 2405 696 2466 suorum
723 2426 1094 2489 pugnaretur,
1134 2405 1374 2464 diductis
1400 2405 1559 2464 ordi-

269 2488 433 2549 nibus
452 2539 467 2562 ,
497 2514 670 2571 quam
716 2513 846 2550 uam
873 2490 1179 2573 porrestior
1201 2489 1343 2548 acies
1366 2486 1556 2548 futura

268 2583 511 2645 erat‚&0c
528 2597 649 2633 arce
700 2574 869 2634 endas
885 2600 920 2626 σο
931 2573 1183 2656 plerique
1196 2602 1229 2625 ct
1246 2571 1499 2654 legiones
1513 2592 1549 2626 2'0

270 2655 658 2720 admonebant
695 2705 712 2732 ,
761 2659 1077 2741 promptior
1126 2658 1186 2716 in
1235 2655 1391 2738 spem
1426 2703 1446 2729 ,
1498 2663 1556 2717 &
