1663 2958
263 165 352 205 DE
407 143 901 206 ORAromnus
957 142 1197 202 Nom.
1285 139 1398 221 377

128 242 276 293 lentes
307 244 459 311 magis
488 243 833 308 antiquitatem,
868 243 998 306 quam
1022 256 1102 291 aut
1121 239 1290 302 Laelii,
1322 257 1400 292 aut

127 309 384 370 Scipionis,
424 326 503 357 aut
535 310 668 357 etiam
696 307 829 374 ipfius
853 307 1058 356 Catonis.
1099 306 1254 371 Itaque
1284 325 1398 357 exa-

126 388 316 423 ruerunt
336 390 357 431 ,·
397 373 478 421 vix
494 374 594 437 jam
628 389 676 421 ut
711 391 956 436 appareant
975 412 991 432 ,
1030 375 1135 422 teste
1165 373 1395 423 Cicerone

126 438 183 486 de
207 438 337 486 claris
355 437 656 498 Oratoribu8‚
679 455 781 504 cap.
804 458 879 487 21.
907 438 1031 489 Vide
1053 447 1097 488 &
1118 440 1395 489 Suetonium

123 501 354 617 {YIGalbfi
379 504 461 555 III.
506 504 583 552 De
616 522 672 552 eo
711 506 803 566 jam
844 505 1016 553 dictum
1050 505 1182 571 supra
1217 506 1393 556 Annal-

212 607 226 628 ,
257 578 334 618 66.

187 633 243 682 C.
277 634 493 684 Carboni.
540 635 598 684 C.
636 633 845 699 Papirius
884 635 1040 685 Carbo
1064 675 1076 696 ‚
1115 636 1273 686 consul
1307 635 1392 685 fuit

125 717 254 748 anno
288 701 356 750 U.
376 700 434 750 C.
465 715 734 751 Dcxxxlv.
771 700 891 749 Eum
920 701 1100 750 Tullius
1123 741 1135 763 ‚
1171 704 1225 751 de
1257 703 1388 751 claris

119 764 258 814 Orat.
291 783 397 832 cap.
433 785 490 822 27
519 805 530 826 ,
568 766 772 832 appellat
808 784 1016 815 canorum
1049 783 1299 826 oratorem,
1337 767 1388 817 Cr

120 831 389 890 volubilem,
419 831 595 896 &satis
614 848 760 880 acrem
775 870 789 892 ‚
817 848 948 894 atque
970 832 1168 881 eumdem
1190 833 1239 883 0⁴
1262 833 1390 882 velte-

121 912 344 956 mentem,
386 895 435 947 Cr
457 896 589 946 valde
609 896 816 956 dulcem,
855 896 903 946 8⁷2
928 897 1225 960 perfacetum.
1261 898 1389 948 Ora—

123 964 268 1011 tiones
304 965 397 1026 ejus
436 963 643 1011 nondum
673 961 772 1011 satis
810 961 1068 1028 splendidas
1098 966 1274 1025 verbiS‚
1312 963 1389 1013 sed

117 1045 270 1077 acutas
295 1065 309 1086 ,
347 1029 688 1094 prudentiaeque
721 1029 994 1093 plenissimas
1030 1029 1133 1078 ante
1165 1031 1356 1081 dixerat.

186 1093 360 1143 Calvus
375 1094 527 1161 vester.
553 1095 722 1144 Calvus
745 1094 1011 1163 Coeliusque
1030 1097 1124 1159 jam
1145 1096 1387 1146 memorati

116 1158 249 1225 supra
274 1177 377 1225 cap.
402 1178 476 1215 17.

186 1225 478 1290 Catonij'eni.
512 1225 669 1290 Quem
700 1227 885 1293 egregie
914 1226 1207 1275 commendat
1228 1225 1387 1290 Quin-

118 1292 299 1340 tilianus
323 1330 335 1351 ,
375 1290 568 1356 Institut.
599 1290 728 1342 Orat.
762 1293 892 1353 XII,
928 1311 999 1343 11.
1039 1291 1231 1341 Marcus
1255 1291 1385 1341 Cen-

102 1358 256 1423 Jbrius
275 1356 390 1406 Cato
409 1395 425 1416 ,
459 1356 574 1406 idem
595 1371 743 1406 orator
762 1397 780 1417 ,
810 1357 925 1405 idem
947 1357 1136 1422 historice
1164 1356 1383 1417 conditor,

114 1421 408 1485 idemrjuris,
453 1420 570 1470 idem
608 1439 751 1470 rerum
785 1422 1046 1487 rusticarum
1072 1421 1385 1488 peritzffimus,

114 1487 237 1538 inter
267 1501 331 1537 tot
360 1504 519 1550 operas
547 1486 725 1536 militiae
747 1527 761 1549 ,
804 1502 960 1536 tantas
993 1487 1108 1536 domi
1138 1489 1383 1537 contentio-

115 1571 201 1603 nes
221 1592 235 1615 ‚
275 1551 376 1603 rudi
395 1552 569 1614 saeculo
600 1551 759 1600 literas
793 1552 985 1601 Graecas
1019 1567 1151 1602 oetate
1173 1555 1270 1617 jam
1301 1553 1386 1603 de-

120 1619 296 1669 clinata
328 1616 489 1667 didicit
513 1656 529 1677 ,
574 1634 621 1665 ut
665 1618 764 1683 effer
803 1617 1051 1666 hominihus
1090 1617 1382 1680 document05

117 1702 173 1734 ea
206 1701 370 1747 quoque
396 1683 566 1747 percipi
599 1684 707 1748 poste
733 1720 746 1742 ‚
786 1700 881 1747 quae
897 1685 1036 1748 fines
1071 1685 1383 1750 concupiſjeat.

185 1749 240 1799 C.
267 1749 520 1798 Gracchus.
562 1748 620 1797 C.
646 1748 883 1798 Gracchus
910 1788 922 1809 ,
964 1751 1163 1799 tribunus
1199 1752 1346 1816 plebis
1368 1791 1383 1814 ,

116 1813 220 1864 cum
253 1816 441 1862 biennio
477 1816 739 1881 eloquentia
762 1821 806 1862 &
831 1814 1122 1865 seditionibus
1154 1819 1382 1882 populum

113 1880 318 1947 agitasset
343 1919 357 1941 ,
394 1882 691 1945 interemptus
719 1882 781 1928 est
804 1915 818 1938 ‚
853 1880 912 1928 L.
932 1879 1132 1948 Opimio
1166 1883 1383 1945 consule,

115 1965 241 1995 anno
283 1946 426 1994 Urbis
463 1947 657 1994 conditae
697 1962 972 1996 Dcxxqu.
1020 1948 1143 1999 Vide
1180 1948 1383 1999 Plinium

115 2012 266 2070 XIV,
295 2030 341 2068 4.
380 2011 694 2073 &XXXIII‚
733 2031 775 2076 3.
820 2013 940 2060 sect.
970 2029 1043 2072 14.
1087 2014 1383 2064 Plutarchum

117 2095 305 2146 quoque
333 2079 381 2124 in
413 2076 637 2125 Gracchis
657 2116 672 2138 ‚
707 2095 817 2143 pag.
846 2083 954 2136 824.

183 2143 380 2208 Craffus.
412 2142 469 2190 L.
501 2142 682 2191 Crassus
710 2146 777 2190 vir
803 2142 887 2190 fuit
920 2143 1305 2208 eloquentissimus
1337 2151 1385 2194 &

115 2208 375 2258 clariffimus
395 2246 407 2267 ‚
426 2210 531 2256 teste
551 2208 779 2256 Cicerone
797 2211 845 2255 in
863 2208 1057 2257 Verrem
1074 2209 1141 2256 ΙΙΙ
1155 2248 1167 2270 ,
1195 2210 1382 2260 1.Plura

115 2276 266 2324 adhuc
300 2274 354 2322 de
393 2291 447 2321 eo
482 2277 530 2322 in
567 2275 684 2322 libro
723 2274 778 2321 de
809 2273 1009 2322 Oratore
1036 2274 1135 2335 III,
1168 2294 1209 2323 1.
1257 2275 1382 2326 Illud

113 2339 451 2391 immortalitate
485 2340 670 2403 dignum
698 2339 928 2406 ingenium
948 2381 963 2402 ‚
998 2339 1078 2388 illa
1100 2340 1380 2402 humanitem,

113 2406 199 2456 illa
236 2406 383 2454 virtus
422 2404 481 2453 L.
507 2405 644 2472 Craffi
665 2444 680 2464 ,
717 2420 855 2454 morte
886 2405 1093 2472 exflinbla
1113 2406 1268 2470 subita*
1303 2408 1380 2475 est.

115 2471 265 2522 Multa
285 2487 472 2519 manent
491 2473 584 2533 ejus
608 2471 852 2519 dicacitatis
867 2489 1134 2538 argumenta
1149 2492 1161 2533 ;
1179 2491 1377 2540 quorum

113 2539 396 2602 praecipuum
441 2538 501 2583 est
551 2538 644 2596 ejus
685 2537 854 2585 dic‘turn
899 2541 946 2585 in
990 2537 1082 2589 Cn.
1118 2540 1382 2588 Domitium

117 2601 504 2655 Ahenobarbum:
531 2602 642 2655 Non
663 2603 741 2672 ff
759 2603 1010 2655 mirandum
1026 2642 1044 2667 ,
1073 2604 1185 2673 quad
1207 2622 1378 2662 aeneam
