1663 2958
309 109 384 160 80
495 106 567 165 C.
615 109 1042 175 CORNELII
1088 119 1392 186 TACITI

300 451 561 530 procursu
585 480 597 512 :
627 456 789 518 fimul
816 462 1222 530 instruebantur
1248 498 1390 537 acies
1410 504 1421 537 :
1445 480 1578 539 cum

300 531 598 614 Agricola,
624 564 970 626 quamquam
993 550 1179 612 laetum
1202 565 1258 616 ὃς
1276 560 1366 618 vix
1395 565 1579 622 muni-

300 619 510 678 mentis
542 626 847 687 coercitum
876 633 1121 694 militem
1149 643 1578 707 accendendum

300 699 483 760 adhuc
531 726 675 767 ratus
707 758 725 783 ,
776 712 855 772 ita
903 715 1153 780 disseruit
1197 748 1208 781 :
1270 754 1303 776 α
1330 730 1577 790 Οὲὶεινιιε

297 807 517 846 mannus
541 793 644 863 est,
671 799 1088 862 commilitones
1106 853 1122 877 ,
1149 829 1212 865 ex
1233 832 1345 889 quo
1370 813 1575 875 virtute

296 876 400 927 22&
426 871 675 955 auspiciis
700 879 923 962 imperii
947 887 1195 947 Romani
1219 939 1234 963 ,
1268 893 1379 952 fide
1406 917 1574 978 atque

296 954 508 1034 wopera
535 959 705 1018 vestra
728 965 1074 1028 Britanniam
1104 974 1301 1035 vicistis
1330 1003 1340 1035 :
1375 998 1458 1037 tot
1486 1004 1577 1040 ex·
1643 1037 1650 1044 .

296 1064 330 1087 »
342 1037 751 1117 peditionibus,
775 1067 859 1106 tot
876 1052 1080 1129 proeliis
1095 1103 1111 1126 ,
1127 1055 1220 1116 seu
1240 1057 1576 1124 fortitudine

295 1147 330 1171 ο)
342 1119 599 1182 adversus
625 1127 803 1188 hostes
826 1180 843 1204 ,
883 1131 975 1192 seu
998 1139 1267 1218 patientia
1296 1167 1357 1202 ac
1380 1145 1574 1208 labore
1619 1213 1636 1224 Χ

295 1227 494 1285 wpaene
549 1208 806 1271 adversus
848 1215 1024 1296 ipsam
1074 1244 1262 1281 rerum
1314 1250 1574 1291 naturam
1618 1263 1622 1267 ·

294 1311 477 1369 :oopus
514 1287 621 1351 fuit
646 1342 663 1366 ‚
708 1320 893 1378 neque
931 1325 1025 1362 me
1059 1305 1307 1367 militum
1330 1359 1346 1383 ,
1385 1336 1570 1395 neque

293 1394 435 1429 »νος
470 1372 623 1434 ducis
660 1382 927 1460 paenituit.
1006 1389 1153 1470 Ergo
1193 1396 1422 1474 egresti,
1466 1420 1573 1479 ego

291 1475 594 1516 naveterum
618 1459 931 1544 legatorum
955 1515 970 1540 ‚
1010 1494 1106 1530 vos
1133 1476 1385 1554 priorum
1414 1503 1572 1540 exer·-

292 1567 327 1591 ο)
341 1539 553 1599 cituum
574 1546 842 1606 terminos
862 1597 878 1621 ‚
906 1550 1081 1611 finem
1100 1558 1397 1620 Britanniae
1408 1609 1426 1635 ,
1453 1588 1571 1625 non

292 1619 490 1680 „fama
509 1672 525 1696 ‚
568 1649 671 1686 nec
697 1649 923 1691 rumore
948 1680 965 1705 ‚
1001 1634 1099 1696 sed
1124 1643 1302 1701 castris
1323 1653 1379 1704 &
1401 1650 1571 1709 armis

291 1726 613 1768 mtenemus.
646 1714 881 1775 Inventa
902 1718 1189 1782 Britannia
1206 1771 1221 1796 ‚
1250 1735 1307 1786 ὃς
1330 1726 1568 1793 subatra.

289 1792 618 1870 mEquidem
641 1794 775 1878 saepe
802 1800 861 1857 in
888 1804 1114 1882 agmine
1134 1854 1149 1877 ‚
1189 1808 1318 1868 cum
1348 1836 1444 1873 vos
1469 1839 1568 1897 pa-

289 1873 491 1933 aoludes
511 1923 526 1947 ‚
550 1879 838 1941 montesve
857 1931 871 1954 ‚
898 1892 953 1943 &
976 1887 1210 1949 flumina
1231 1891 1566 1976 fatigarent,

286 1955 612 2018 „fortiffimi
670 1964 932 2047 cujusque
997 1994 1159 2031 voces
1223 1978 1520 2041 audiebam
1548 2030 1566 2056 ‚

285 2043 560 2120 mquando
597 2044 820 2106 dabitur
857 2051 1021 2112 hostis
1048 2103 1063 2126 ‚
1105 2060 1333 2137 quando
1373 2066 1565 2127 acies?

286 2126 593 2186 mVeniunt
627 2152 655 2187 e
683 2129 908 2192 latebris
934 2133 1039 2196 suis
1065 2142 1261 2200 extrufi
1288 2169 1298 2202 :
1340 2154 1398 2205 δε
1432 2171 1562 2210 vota

287 2209 615 2290 aavirtusque
654 2213 713 2272 in
754 2239 943 2297 aperto
982 2267 999 2292 ‚
1049 2226 1565 2311 omniaqueprona

285 2293 633 2355 „vietoribus
657 2345 672 2370 ,
717 2320 883 2381 atque
909 2304 1109 2364 eadem
1136 2310 1292 2369 vietis
1318 2313 1561 2378 adversa.
1637 2342 1649 2350 ’

286 2407 321 2430 2>
334 2378 481 2435 Nam
508 2401 568 2438 ut
591 2379 841 2464 superaff
832 2409 859 2444 e
889 2407 1109 2447 tantum
1131 2392 1373 2468 itineriS,
1405 2398 1561 2461 silvas

289 2461 552 2521 mevasrffe
572 2512 586 2534 ‚
621 2466 859 2528 tranfiffe
883 2472 1148 2547 aestuaria,
1177 2478 1469 2558 pulchrum
1496 2508 1557 2542 ac

287 2544 602 2607 „decorum
645 2550 703 2608 in
750 2549 998 2614 frontem
1026 2580 1043 2636 3
1094 2559 1171 2619 ita
1214 2559 1560 2644 fugientibus
