1663 2958
217 215 537 275 DrALoGus
585 231 657 268 DE
701 210 1138 271 Onnomana
1231 229 1346 285 109-

68 313 310 395 quidem
328 361 346 386 ‚
373 311 468 372 sed
496 310 946 379 inexercitatam,
986 315 1044 368 δε
1068 305 1354 388 ejusmodi

76 398 449 456 certaminum
488 393 688 452 rudem
721 391 974 451 Helvidii
1012 389 1347 473 sapientiam

74 478 251 541 elufit.
293 478 458 536 Plura
488 476 559 534 de
592 472 833 533 utilitate
874 497 988 532 non
1028 474 1161 532 dico
1196 521 1213 546 ‚
1255 474 1351 534 cui

76 562 220 645 parti
246 560 481 618 minime
515 557 990 617 coritradicstu-rtlin
1013 559 1357 618 Maternum

74 665 268 704 meum
302 643 555 701 arbitrer.

153 727 256 786 Vl.
291 727 384 785 An
415 725 763 804 voluptatem
798 722 1048 781 oratotiae
1079 721 1348 803 eloquen⁴

72 809 157 868 tiae
185 808 397 868 transeo
425 855 441 879 ‚
485 814 636 887 cujus
675 807 988 889 jucunditas
1017 851 1034 876 ‚
1072 829 1189 863 non
1226 829 1348 866 uno

74 892 260 972 aliquo
308 912 605 950 momento
644 939 666 963 ,,
707 889 803 949 sed
855 888 1120 947 omnibus
1172 891 1345 971 prop&

75 977 270 1035 diebus
292 1022 310 1046 ,
344 984 401 1035 &
431 976 608 1057 prope
634 973 897 1031 omnibus
935 972 1083 1030 horis
1122 973 1346 1030 contin⁴

75 1060 173 1142 git.
199 1059 357 1134 Quid
382 1059 537 1117 enim
563 1058 777 1116 dulcius
808 1057 986 1115 libero
1011 1064 1067 1114 &
1092 1054 1347 1137 ingenuo

75 1144 267 1202 animo
293 1190 313 1214 ,
352 1151 407 1202 δέ
437 1141 509 1199 ad
540 1141 850 1223 voluptates
887 1140 1136 1198 honestas
1169 1159 1304 1198 nato
1323 1186 1348 1212 ,

72 1225 240 1305 quam
279 1225 468 1284 videre
498 1224 724 1305 plenam
752 1222 971 1304 semper
997 1232 1055 1281 &
1078 1220 1348 1301 frequen-

73 1328 189 1367 tem
224 1308 462 1366 domum
492 1306 645 1365 suam
676 1305 943 1364 concursu
975 1303 1346 1383 splendidiffi-

73 1413 298 1450 morum
351 1391 649 1448 hominum
690 1395 711 1449 ?
762 1390 935 1469 idque
992 1386 1126 1446 scire
1160 1435 1176 1459 ‚
1227 1412 1348 1448 non

72 1474 316 1557 pecuniae
335 1522 352 1546 ,
392 1497 511 1531 non
532 1472 761 1531 orbitati
785 1520 803 1544 ,.
838 1494 1022 1551 neque
1048 1469 1216 1530 officii
1241 1471 1345 1530 ali-

73 1564 224 1637 cujus
268 1557 732 1616 administrationi
753 1603 770 1627 ,
811 1555 904 1614 sed
933 1554 1033 1613 fibi
1057 1552 1155 1636 ipfi
1181 1554 1345 1615 dati?

70 1640 195 1698 illos
222 1641 543 1721 quinimmo
568 1640 733 1697 orbos
758 1685 774 1709 ‚
811 1647 867 1698 δε
900 1639 1203 1718 locupletes
1225 1686 1242 1710 ‚
1284 1646 1346 1699 &

71 1744 327 1806 potentes
360 1724 549 1783 venire
581 1722 914 1805 plerumque
942 1722 1012 1779 ad
1040 1718 1304 1802 juvenem
1322 1740 1350 1794 ‚·

70 1815 129 1867 δε
161 1829 459 1888 pauperem
483 1854 503 1878 ‚.
539 1826 598 1864 ut
624 1825 715 1864 aut
739 1804 831 1863 sua
851 1853 874 1877 ,.
907 1825 1001 1863 aut
1026 1804 1346 1865 amicorum

71 1888 392 1949 discrimina
434 1888 867 1947 commendent,
937 1886 1145 1947 Ullane
1190 1908 1344 1949 tanta

69 1973 391 2054 ingentium
422 1997 598 2056 opum
622 1997 682 2031 ac
709 1995 924 2055 magnae
949 1971 1211 2051 potentiae
1241 1996 1348 2032 vo·-

71 2055 247 2138 luptas
264 2105 281 2125 ,
316 2057 489 2138 quam·
516 2055 758 2139 spestare
791 2057 1060 2115 homines
1086 2076 1299 2115 veteres
1324 2102 1345 2129 ,

70 2148 128 2199 δε
154 2139 307 2199 senes
330 2189 346 2213 ‚
373 2149 429 2201 δε
457 2143 625 2199 totius
648 2140 820 2199 Urbis
848 2138 1021 2221 gratia
1042 2137 1300 2197 subnixos
1320 2186 1342 2211 ‚

71 2223 132 2281 in
185 2222 401 2282 summa
450 2224 713 2282 omnium
762 2246 947 2282 rerum
1002 2221 1346 2281 abundantia

73 2306 400 2366 confitentes
429 2354 445 2378 ,
497 2308 556 2365 id
603 2305 757 2387 quod
805 2302 1087 2388 optimum
1139 2304 1200 2363 sit
1223 2353 1241 2377 ‚
1287 2304 1344 2365 se

73 2413 188 2448 non
225 2390 428 2449 habere
459 2394 479 2448 ?
521 2392 649 2453 Jam
678 2392 810 2448 vero
832 2437 848 2461 ,
891 2389 988 2469 qui
1020 2409 1343 2470 togatorum

72 2473 367 2533 comitatus
391 2522 408 2547 ,
447 2483 504 2534 &
545 2472 818 2553 egressus!
858 2495 977 2553 quae
1018 2472 1077 2529 in
1112 2470 1341 2553 publico

70 2554 310 2638 species!
356 2581 474 2638 quae
498 2558 556 2616 in
580 2550 799 2638 judiciis
824 2556 1111 2615 venerario
1136 2562 1147 2615 !
1181 2553 1339 2635 quod

65 2639 339 2724 gaudium
364 2640 737 2726 consurgendi
760 2638 1165 2725 adsistendique
1190 2639 1342 2701 inter
