1663 2958
260 130 819 190 GERMANORUM
863 124 1100 186 NOTA-3.
1209 145 1320 205 275

63 247 74 273 ε
134 226 315 295 Castum
344 243 513 277 nemus·
552 226 731 274 Nemus
760 225 964 274 sanctum
995 230 1040 272 ὃ(
1076 242 1333 292 numquam

33 290 282 343 'violatum
304 333 317 354 ,
348 293 504 340 Terrae
537 292 629 339 deae.
665 290 853 338 sacrum.
895 289 1070 355 Castum
1097 291 1339 344 infititium·

59 358 183 420 effe,
218 367 261 407 &
295 377 322 406 a
352 359 562 422 margine
594 355 811 420 irrepsisse
840 372 968 420 putat
999 356 1073 406 Cl.
1095 356 1329 408 Ernestus.

29 424 157 473 'Alii
191 439 397 484 tentant,
418 422 604 487 sacrum
643 423 717 469 vel
755 422 920 488 vastum
958 440 1133 471 nemus.
1186 423 1327 473 Forte

30 540 32 542 ,
62 488 252 538 Tacitus
284 507 444 537 nemus
480 486 594 536 illud
631 489 800 535 castum
835 487 977 547 dixit,
1015 488 1138 555 quafi
1170 491 1330 538 Terrae

57 555 151 603 deae
176 555 365 604 sacrum.
399 555 586 603 Castum
605 556 728 600 enim
752 553 807 600 de
823 553 1006 601 Cibeles
1028 557 1106 602 reli
1146 557 1330 604 ionibus

60 624 251 689 proprie
278 622 522 670 dicebatur.
558 619 635 667 Sic
652 617 963 667 Tertullianus
985 656 997 678 ,
1027 618 1080 668 de
1102 573 1343 685 ¹{ejurzz'iss

24 727 26 729 .
59 705 165 752 cap.
204 696 259 735 16
290 727 302 748 ‚
354 686 482 752 Casto
517 683 648 751 Ifidis
685 683 734 734 Er·
776 682 955 734 Cz‘heles
995 702 1075 733 eas
1093 688 1130 747 ⁸(
1155 691 1330 738 nostras

57 753 409 820 xerophagias)
452 750 678 815 adaequas.

120 818 372 868 Penezrali.
412 818 583 866 Dicato
614 832 781 880 nempe
809 813 1034 863 vehiculo.

64 919 66 921 >
125 882 249 934 Laezi
282 901 390 934 runc
426 883 537 933 dies.
575 881 725 932 Olaus
757 881 1049 931 Rudbeckius
1071 921 1084 943 ,
1119 886 1187 932 vir
1222 888 1332 935 eru-

59 950 175 1000 ditus
192 990 204 1012 ‚
225 948 299 998 sed
318 949 691 1017 opiniofiffimus,
718 949 797 1014 qui
813 946 1116 997 Germaniam
1139 969 1332 1001 onmem

56 1019 106 1067 in
125 1017 248 1065 suam
267 1016 618 1065 Scandinaviam
640 1014 882 1073 transtulit,
914 1015 1150 1064 contendit
1168 1017 1331 1067 festum

53 1084 171 1133 illud
194 1084 353 1132 bruma
372 1081 499 1131 fuisse
523 1082 798 1130 celebratum
816 1118 829 1140 ‚
858 1097 1137 1149 manereque
1155 1084 1333 1145 adhuc,

58 1155 104 1197 δε
141 1150 229 1198 dici
260 1147 462 1212 Julifred
483 1185 499 1209 ‚
534 1147 608 1196 seu
647 1163 812 1212 pacem
844 1144 1018 1197 Juliam
1041 1187 1054 1208 ‚
1086 1149 1332 1200 Rudbeck.

58 1214 300 1272 Atlantica
323 1253 339 1273 ,
373 1215 394 1262 I
416 1253 429 1275 ,
462 1233 539 1273 24.
577 1215 641 1262 At
661 1213 821 1260 festum
846 1212 961 1260 illud
984 1211 1098 1263 Juul
1118 1254 1133 1275 ‚
1163 1234 1260 1263 non
1279 1219 1331 1264 in

56 1280 213 1328 Terrae
233 1319 245 1340 ,
279 1280 352 1328 sed
378 1282 424 1327 in
455 1281 575 1328 Solis
592 1319 604 1340 ‚
631 1297 771 1345 quem
795 1276 917 1327 Thor
933 1317 948 1338 ‚
976 1296 1053 1327 aut
1074 1279 1292 1330 Taranim
1311 1321 1330 1345 ‚

57 1346 304 1404 dicebant,
340 1346 567 1392 honorem
605 1345 838 1403 agebatur.
887 1344 1037 1392 Serius
1081 1346 1330 1413 menseque

60 1411 311 1460 Februario
346 1412 578 1459 colebatur
617 1409 802 1471 Terra3
838 1425 886 1457 ut
920 1411 1073 1459 videre
1110 1414 1172 1459 est
1205 1413 1336 1478 apud

56 1478 132 1526 Cl.
163 1477 355 1536 Manet,
391 1475 699 1526 Introduaion
727 1477 757 1524 ci
784 1473 1016 1540 l'Histoire
1047 1474 1100 1525 de
1130 1478 1333 1537 Danaes

54 1544 212 1592 marck
234 1581 246 1603 ,
284 1560 394 1608 pag.
419 1547 442 1589 8
459 1559 474 1589 1
504 1549 547 1589 ὃ(
571 1540 664 1608 seq.

117 1607 298 1668 Templo
318 1607 492 1656 reddat.
516 1606 750 1671 Templo,
777 1605 824 1654 id
849 1606 911 1654 est
926 1643 941 1666 ‚
971 1605 1097 1655 sacro
1120 1612 1333 1674 nemori;

56 1690 108 1724 ut
138 1671 301 1721 merito
330 1673 536 1721 observat
564 1673 640 1721 Cl.
659 1671 891 1720 Ernestus.

120 1739 307 1788 Numen
333 1739 484 1802 ipfizm.
515 1738 798 1788 Vehiculum
822 1738 917 1786 deae
937 1776 950 1798 ,
985 1756 1124 1804 quam
1153 1759 1333 1793 morta*

57 1806 174 1853 lium
207 1803 552 1852 conversatione
585 1803 804 1851 foedatam
835 1806 1100 1868 opinantur.

63 1908 65 1910 -
121 1869 282 1918 Lacus
301 1870 466 1919 haurit.
489 1870 547 1918 In
565 1871 716 1919 lacum
739 1869 938 1919 detrusos
957 1909 970 1933 ,
998 1888 1057 1919 ne
1079 1889 1194 1921 vana
1211 1873 1339 1925 sacra

56 1937 333 1986 revelarent.

126 2067 253 2119 CAP.
281 2066 417 2117 XLI.
458 2065 872 2117 Hermundurorum
899 2066 1078 2116 civitas.
1127 2066 1336 2131 Populos

57 2135 162 2184 illos
183 2154 208 2184 a
229 2137 388 2183 virtute
406 2172 418 2194 ,
451 2133 759 2183 Heermanner
778 2171 793 2191 ,
829 2140 873 2180 &
895 2151 922 2181 a
950 2133 1172 2181 Romanis
1198 2133 1334 2182 Her-

57 2202 311 2250 munduros
342 2200 486 2248 diclos
520 2202 699 2248 volunt.
754 2199 877 2246 Inter
910 2200 1068 2246 Albim
1089 2237 1103 2260 ‚
1136 2198 1284 2249 Z'Elbe
1312 2240 1331 2259 ,

59 2268 217 2316 Salam
239 2307 251 2329 ,
289 2267 332 2315 Ζα
369 2266 530 2315 riviere
573 2265 626 2314 de
660 2264 779 2314 Sala
812 2303 827 2321 ‚
882 2271 926 2311 ἕξ
966 2266 1209 2312 Boiemum
1235 2303 1248 2325 ‚
1287 2264 1335 2315 Ia

53 2332 254 2384 -Boheime
271 2371 282 2393 ,
307 2332 383 2381 ubi
402 2350 525 2381 nunc
546 2330 751 2392 Ankale,
781 2330 1046 2396 Woigtland
1063 2368 1077 2390 ‚
1103 2329 1148 2379 la
1170 2330 1296 2380 Saoce
1311 2369 1333 2390 ‚

62 2399 210 2462 partie
241 2400 294 2446 de
327 2398 370 2446 la
394 2399 562 2465 Misnie
600 2396 647 2447 ff
683 2396 735 2444 cle
760 2396 804 2445 Za
825 2395 1113 2458 Franconie,
1154 2397 1333 2449 habita-,-

67 2482 189 2512 vere.
227 2463 411 2513 Deinde
440 2466 543 2512 cum
565 2464 922 2523 Marcomanni,
956 2464 1079 2512 Boiis
1108 2481 1134 2511 a
1165 2463 1333 2511 Maro«

61 2528 220 2578 boduo
254 2529 387 2596 pulfis
415 2570 428 2591 ,
464 2531 709 2579 Boiemum
745 2529 1037 2594 occupassent
1058 2568 1070 2589 ‚
1102 2529 1183 2592 ipsi
1206 2529 1356 2578 Mara--

63 2613 406 2647 comannorum
428 2597 549 2648 sedes
572 2596 744 2646 sedibus
766 2595 852 2647 suis
875 2595 1087 2647 addidere
1107 2632 1120 2654 ‚
1153 2596 1345 2664 hucquss

1022 2660 1154 2727 Mvj
