1663 2958
306 159 431 225 ‘254
513 138 595 203 IN
637 139 941 201 LmRuM
988 163 1072 202 DE
1116 144 1494 208 M0R1Bus‘

308 240 508 295 maxima
526 239 624 289 lau-s
639 238 728 354 ΞΙΞ,
749 241 882 306 qua'm
899 239 1133 308 Zatiffimas
1151 243 1318 319 circum
1328 242 1385 310 se
1402 245 1602 361 vastati&

300 307 480 376 finibus
494 305 634 370 solitu
671 308 769 356 ines
793 305 969 357 habere.
1011 309 1114 359 Hoc
1142 327 1370 373 proprium
1400 312 1561 362 virtuti
1636 315 1649 373 ἢ

311 373 595 440 existimant,
620 372 823 439 expulsus
843 373 972 441 agris
977 373 1208 442 finitimos
1232 376 1389 427 cedere
1404 416 1419 436 ‚
1448 386 1621 443 neque)

311 457 578 506 quemquam
605 458 741 505 prope
758 439 816 504 se
846 438 1012 492 audere
1049 441 1277 508 consistere
1304 461 1324 504 ,·
1343 443 1488 510 simul
1508 444 1592 494 hoe

299 507 354 573 se
364 505 471 570 fore
495 507 685 557 tutiores
702 507 1018 571 arbitrantur,
1045 508 1296 571 repentinae
1320 509 1597 577 incursionis

310 573 475 626 timore
491 573 695 638 subluto,
1594 578 1619 635 ἦ

381 638 442 687 In
476 640 569 705 sua
607 641 727 704 ripa.
777 638 943 706 Usque
979 639 1037 688 ad
1073 638 1226 689 Rheni
1264 643 1417 708 ripam
1451 636 1621 703 diffuffl

311 705 558 769 Mattiaci,
608 709 810 757 maxime
848 706 954 755 cum
984 706 1101 756 Ubii
1137 710 1200 756 cis
1232 707 1612 769 Rhenumfuere

312 773 581 839 transgreffio

381 839 490 890 Solo
523 838 574 890 θ’
607 839 735 890 coelo.
764 840 908 906 Apud
937 840 1135 889 Batavos
1162 839 1403 890 humidum
1437 841 1611 917 caeluin3

313 905 591 974 solumque3
624 906 784 955 contra
813 905 938 971 apud
966 906 1211 956 Mattiacos
1241 907 1407 956 ficcum
1429 947 1443 969 ,
1477 909 1615 958 undet

315 971 526 1022 Mattiaci
549 972 696 1022 acrius
725 973 1046 1020 animabantur
1065 1012 1079 1035 ‚
1114 992 1202 1041 pro
1231 971 1359 1023 solita
1385 976 1598 1025 locorum

315 1042 676 1107 animorumque
705 1042 1005 1105 cognatione.

379 1104 668 1155 Decumates
697 1122 852 1171 agros.
905 1105 1186 1155 Decumates
1222 1109 1358 1174 agri,
1399 1123 1524 1155 nunc
1548 1105 1599 1156 Ia

316 1169 491 1227 Suabe.
523 1170 676 1234 Cum,
701 1170 780 1219 sub
799 1171 939 1220 finem
962 1175 1146 1238 imperii
1164 1173 1352 1222 Caesaris
1371 1171 1567 1240 Augusti
1585 1210 1605 1234 ‚

314 1238 676 1300 Marcomanni,
693 1240 861 1287 relictis
879 1237 964 1286 suis
985 1237 1158 1288 sedibus
1174 1240 1341 1289 Rheno
1360 1241 1604 1305 proximis,

313 1306 367 1355 in
406 1306 653 1354 Boiemum
691 1304 990 1372 migrassent,
1030 1324 1174 1356 vacua
1210 1325 1370 1355 eorum
1408 1308 1514 1354 loca
1543 1323 1615 1364 ex5

315 1369 471 1421 Gallis
491 1411 504 1432 ‚
547 1371 765 1420 Rauracis
795 1369 962 1419 scilicet
988 1377 1032 1417 &
1053 1373 1283 1439 Sequanis
1305 1412 1317 1434 ‚
1359 1373 1603 1421 levissimus

353 1437 513 1507 uisque
549 1455 853 1504 occupavere.
916 1437 1036 1502 Agri
1077 1440 1143 1486 illi
1178 1439 1460 1487 Decumates
1492 1438 1601 1488 ind-e

315 1455 431 1554 {iffi
463 1505 674 1553 videntur
693 1542 706 1564 ‚
745 1501 873 1569 quod
900 1505 1066 1550 incolae
1091 1541 1106 1563 ,
1147 1503 1492 1552 Germanorum
1527 1506 1604 1552 in·-

316 1571 600 1619 curfionibus
639 1570 832 1617 obnoxii
862 1606 876 1627 ‚
924 1584 972 1616 ut
1006 1570 1056 1616 in
1106 1569 1428 1618 Romanorum
1462 1569 1603 1620 fidem

317 1639 632 1703 reciperentur
670 1674 682 1696 ‚
729 1650 1039 1700 proventuum
1094 1635 1321 1685 decimam
1371 1634 1606 1686 solverint.

315 1702 412 1752 Eos
433 1705 555 1752 vallo
575 1704 772 1751 munivit
789 1700 1075 1749 Hadrianus.
1103 1701 1296 1752 Vallum
1315 1702 1366 1752 N
1369 1704 1573 1752 eostadio
1587 1741 1605 1764 ,

315 1769 510 1837 Neustat
533 1809 551 1830 ,
589 1769 769 1835 oppido
793 1768 851 1817 ad
874 1767 1148 1816 Danubium
1174 1769 1297 1818 haud
1327 1771 1489 1834 procul
1509 1770 1604 1818 Al-

317 1839 482 1897 moni‚
526 1834 732 1885 Altmuhl
759 1874 771 1895 ‚
824 1836 947 1881 fluvii
992 1836 1113 1882 ostiis
1161 1834 1276 1896 fito,
1312 1836 1370 1883 ad
1411 1838 1604 1884 fluvium

317 1901 522 1951 Nicrum
537 1940 550 1962 ,
577 1900 617 1950 Ze
636 1900 794 1950 IVekre
811 1938 826 1957 ‚
854 1898 1006 1948 versus
1037 1901 1263 1965 oppidum
1281 1903 1572 1968 Wimpinam
1587 1941 1606 1963 ‚

316 1967 549 2034 mesen
573 2006 589 2027 ,
625 1985 708 2033 per
743 1966 977 2033 sexaginta
1009 1968 1242 2015 leucarum
1273 1966 1603 2016 Francicarum

318 2033 464 2100 spatia
484 2036 818 2083 continuatum.
863 2033 939 2081 De
957 2033 1290 2082 Decumatibus
1311 2042 1432 2101 agris
1455 2074 1468 2095 ‚
1501 2035 1602 2083 val-

322 2101 467 2169 loque
485 2140 500 2162 ,
538 2101 664 2168 quod
687 2103 739 2148 iis
764 2100 1124 2166 praetendebatur
1145 2140 1157 2160 ‚
1192 2101 1325 2166 plura
1351 2100 1454 2149 vide
1476 2101 1602 2166 apud

321 2168 551 2217 eruditum
573 2167 843 2233 Schoepflin
859 2205 873 2227 ,
902 2166 1086 2232 Affatia
1115 2166 1332 2232 illustrata
1350 2204 1366 2229 ‚
1389 2166 1533 2216 Tom.
1551 2168 1604 2229 I,

318 2252 376 2301 pa
421 2270 432 2281 .
464 2254 583 2295 174,
615 2252 703 2292 241
729 2240 774 2281 &
797 2231 927 2300 seqq.

385 2251 558 2351 {imite
587 2301 697 2348 αὸἰο.
741 2298 865 2348 Cum
896 2300 1174 2350 Decumates
1210 2302 1309 2367 agri
1342 2302 1390 2348 in
1426 2300 1604 2349 Roma-

325 2386 494 2415 norum
517 2367 652 2415 fidem
678 2365 858 2414 fuissent
879 2368 1049 2430 recepti
1070 2404 1082 2425 ,
1114 2384 1220 2416 tunc
1245 2369 1363 2414 ultra
1383 2366 1603 2415 Rhenum

322 2436 454 2483 adstus
478 2436 538 2482 est
558 2436 688 2481 limes
717 2435 931 2498 imperii,
957 2450 1268 2500 promotaque
1296 2432 1529 2498 praefidia3
1555 2439 1601 2480 &

327 2504 429 2567 agri
442 2502 720 2550 Decumates
739 2500 880 2548 habiti
897 2497 996 2547 sunt
1015 2515 1252 2568 tamquam
1267 2499 1383 2547 finus
1402 2501 1609 2564 imperii,
1650 2552 1652 2563 ‚

324 2572 373 2616 &
398 2586 503 2634 pars
527 2568 777 2635 provinciae
793 2605 810 2631 ,
834 2564 1098 2617 Germaniae
1122 2567 1287 2618 scilicet
1310 2565 1571 2633 superioris,

1561 30 1565 34 ’
1629 55 1635 143 ι

1630 144 1633 169 Ι

1630 182 1633 206 ἓ
