1663 2958
319 173 390 231 50
514 148 583 211 C.
629 148 1060 206 CoRn-Ern
1104 144 1409 209 TAc1-rx

311 251 472 315 bonae
510 245 732 305 tantum
766 242 1116 303 conscientiae
1155 248 1338 328 pretio
1360 296 1377 320 ,
1422 242 1597 309 duce}-

311 333 494 391 batur.
551 329 635 387 Ac
675 329 924 412 plerique
950 326 1104 387 suam
1132 329 1230 413 ipfi
1260 332 1434 391 vitam
1471 357 1594 392 nare

310 437 431 474 rare
469 461 486 486 ,
537 412 804 472 fiduciam
852 412 1034 493 potius
1084 436 1310 473 morum
1347 462 1362 487 ‚
1419 417 1595 496 quam

307 498 689 579 arrogantiam
714 495 966 556 arbitrati
988 496 1112 556 sunt
1133 522 1145 555 z
1170 521 1273 558 nec
1295 499 1355 557 id
1371 501 1594 559 Rutilio

309 592 368 643 &
400 584 604 641 Scauro
645 582 782 640 citra
817 581 993 639 fidem
1017 629 1033 653 ‚
1071 601 1165 640 aut
1194 583 1593 650 obtrectationi

304 665 414 727 suit
451 690 463 723 :
514 666 657 725 adeo
707 665 936 725 virtutes
987 664 1190 724 iisdem
1243 668 1594 747 temporibus

304 750 520 835 optime
550 750 882 809 aestimantur
903 797 920 822 ,
959 749 1160 830 quibus
1194 747 1466 809 facillime
1501 754 1590 834 gi..-

307 855 571 919 gnuntur.
611 833 691 898 At
716 834 859 891 mihi
882 857 1030 895 nunc
1055 881 1071 906 ,
1103 856 1391 893 narraturo
1414 836 1591 897 vitam

306 917 562 979 defunffl
584 917 832 976 hominis
856 965 872 990 ‚
898 917 1061 976 venia
1081 941 1220 999 opus
1249 917 1388 977 fuit:
1417 943 1591 1000 quam

302 1027 422 1064 non
452 1000 710 1084 petissem
736 1049 753 1074 ,
792 1001 853 1059 ni
882 999 1188 1062 cursaturus
1218 1023 1335 1061 tam
1366 1001 1499 1063 saeva
1531 1013 1591 1072 ὃς

304 1084 504 1149 infesta
533 1085 829 1149 virtutibus
856 1103 1129 1166 tempora,

388 1172 463 1228 Π.
515 1172 563 1228 L
580 1193 606 1227 E
623 1193 654 1227 G
674 1193 692 1226 1
716 1192 764 1227 M
782 1190 817 1225 U
837 1192 858 1227 s
887 1216 905 1241 ,
961 1167 1092 1226 cum
1141 1165 1402 1227 Aruleno
1445 1168 1591 1228 Rus*

304 1254 419 1321 tico
445 1257 618 1312 Paetus
640 1250 889 1312 Thrasea
915 1299 931 1323 ,
974 1252 1267 1311 Herennio
1291 1253 1590 1314 Senecioni

302 1337 515 1400 Priscus
539 1336 834 1396 Helvidius
863 1335 1074 1395 laudati
1103 1334 1275 1395 effent
1297 1383 1313 1408 ‚
1356 1337 1592 1418 capitale

300 1420 502 1483 fuisse:
550 1444 734 1502 neque
780 1421 836 1479 in
884 1418 1026 1502 ipsos
1067 1419 1244 1479 modo
1285 1424 1539 1481 auctores
1565 1467 1587 1496 ‚

301 1505 403 1567 sed
449 1508 507 1565 in
559 1505 731 1565 libros
775 1527 1001 1586 quoque
1045 1527 1243 1563 eorum
1292 1503 1587 1581 saevitum,

303 1591 569 1672 delegato
597 1589 903 1648 triumviris
932 1589 1238 1647 ministerio
1264 1635 1280 1660 ,
1316 1609 1377 1647 ut
1402 1591 1589 1649 moni«,

298 1697 496 1735 menta
537 1673 960 1733 clarissimorum
993 1673 1355 1754 ingeniorum
1391 1672 1450 1731 in
1485 1698 1585 1734 co-

297 1760 467 1819 mitio
498 1783 557 1817 ac
584 1756 709 1816 foro
733 1778 1042 1816 urerentur.
1082 1755 1304 1815 Scilicet
1324 1755 1423 1814 illo
1446 1758 1581 1841 igne

291 1866 498 1904 vocem
545 1841 738 1925 populi
782 1841 1083 1912 Romani,
1146 1848 1204 1899 &
1256 1840 1581 1902 libertatem

293 1925 513 1987 senatus
538 1974 553 1998 ‚
589 1935 646 1986 δε
673 1923 1072 1984 conscientiam
1100 1924 1319 2005 generis
1342 1923 1578 1992 humani

292 2010 508 2071 aboleri
554 2009 964 2068 arbitrabantur
992 2057 1008 2081 ‚
1062 2006 1302 2090 expulsis
1349 2007 1576 2093 insuper

291 2094 571 2176 sapientiae
593 2091 985 2175 profelsoribus
1004 2140 1020 2165 ,
1048 2112 1214 2173 atque
1239 2093 1400 2151 omni
1415 2086 1574 2153 ‘bona

289 2201 408 2239 arte
453 2179 512 2237 in
554 2176 804 2237 exsilium
848 2176 1002 2248 αέὶὲι,
1042 2199 1114 2234 ne
1154 2176 1293 2257 quid
1339 2175 1573 2257 usquam

289 2263 585 2322 honestum
612 2282 943 2321 occurreret.
994 2259 1279 2319 Dedimus
1313 2259 1571 2341 profecto

287 2346 498 2429 grande
536 2345 813 2428 patientiae
852 2345 1301 2405 documentum:
1342 2351 1400 2403 &
1431 2343 1568 2406 ficut

286 2451 443 2490 vetus
464 2450 587 2487 aetas
603 2429 746 2487 vidit
760 2477 776 2501 ,
793 2429 932 2509 quid
948 2427 1214 2487 ultimum
1231 2429 1289 2486 in
1306 2426 1565 2491 libertate
1603 2426 1608 2431 ”

288 2512 422 2573 esset
444 2537 459 2590 3
499 2514 576 2571 ita
602 2536 702 2570 nos
725 2513 861 2594 quid
881 2514 938 2571 in
961 2511 1221 2572 servitute
1243 2561 1259 2584 ‚
1291 2511 1563 2594 adempto

283 2618 380 2683 pret
400 2596 786 2682 inquisitiones
805 2595 1153 2680 &loquendi
1177 2594 1561 2681 audiendique
