1663 2958
316 183 433 243 134
526 164 599 223 C.
643 163 1074 221 CORNELu
1133 144 1428 228 TAc1T⁷1

306 264 373 324 fit
393 265 452 322 in
473 283 738 344 apparatu
760 269 877 344 ejus
898 271 956 323 &
979 286 1177 324 aurum
1193 314 1209 338 ,
1235 275 1294 327 &
1315 285 1592 350 gemmae;
1655 286 1662 333 Γ,

307 370 370 408 ut
396 346 616 405 sumere
649 346 710 404 in
737 370 935 407 manus
965 395 982 420 ‚
1031 356 1090 409 &
1124 349 1363 432 aspicere
1401 352 1594 435 saepius

304 432 514 492 liceat:
556 430 814 510 quaedam
852 435 985 492 vero
1024 434 1217 516 procul
1259 458 1550 496 arceantur
1570 453 1597 508 ,'

306 537 371 575 ut
407 522 524 597 jam
557 513 856 575 obliterata
885 524 943 576 δέ
970 516 1219 577 olentia:
1259 520 1483 579 nullum
1523 519 1594 579 sit:

1655 357 1663 619 ἱ

305 601 546 660 verbum
588 598 744 659 velut
781 600 1040 682 rubigine
1076 600 1354 662 infectum
1382 650 1399 675 ,
1445 603 1623 665 nulli·
1660 652 1662 670 i

302 682 488 744 sensus
512 682 669 743 tarda
691 684 936 744 &inerti
962 686 1254 758 structura,
1280 687 1339 745 in
1364 710 1593 749 morem÷
1660 687 1663 733 ’ἶ

301 767 618 829 Annalium
638 816 657 841 ,
688 791 1100 850 componantur
1125 796 1136 829 ε
1169 768 1349 853 fugiat
1371 769 1589 832 foedam

301 861 362 913 &
390 851 652 912 insulsam
682 851 1075 913 scurrilitatem
1100 902 1116 927 ‚
1156 857 1332 915 variet
1352 879 1593 938 compo-

301 935 609 1010 fitionem,
642 960 761 997 'nec
805 961 1005 997 omnes
1049 938 1314 1000 clausulas
1360 964 1476 1001 uno
1529 948 1591 1001 &

303 1021 513 1081 eodem
540 1021 718 1080 modo
745 1023 1036 1081 terminet.

396 1107 620 1164 XXIII.
656 1106 832 1163 Noto
867 1104 1102 1171 irridere
1120 1122 1295 1163 rotam
1312 1104 1542 1184 fortunae
1560 1148 1595 1178 s

301 1195 361 1248 &
376 1191 473 1268 jus
500 1194 565 1250 V
557 1195 785 1247 errinum
810 1233 841 1260 ,
876 1197 935 1249 δε
972 1189 1116 1248 illud
1154 1190 1322 1249 tertio
1358 1214 1590 1273 quoque

295 1269 455 1332 sensu
484 1273 543 1331 in
573 1274 840 1333 omnibus
865 1274 1212 1333 orationibus
1240 1297 1341 1357 pro
1369 1274 1591 1335 senten-

299 1355 378 1415 tia
409 1355 650 1440 pofitum
676 1405 693 1428 ,
739 1358 838 1438 effi
876 1361 1140 1417 videatur.
1210 1360 1361 1417 Nam
1391 1368 1450 1420 &
1477 1360 1589 1419 hoc

298 1439 509 1500 invitus
530 1441 726 1516 retuli,
761 1451 819 1502 &
840 1441 997 1524 plura
1020 1441 1181 1500 omisi
1202 1490 1220 1514 ,
1247 1466 1368 1523 quae
1393 1464 1589 1504 tamen

216 1574 217 1578 ,
297 1523 416 1584 sola
439 1527 714 1586 mirantur
738 1548 905 1607 atque
933 1526 1253 1607 exprimunt
1280 1526 1338 1585 hi
1361 1575 1379 1598 ,
1408 1528 1506 1609 qui
1530 1526 1590 1588 se

297 1630 560 1690 antiquos
592 1630 838 1669 oratores
865 1631 1067 1668 vocant
1093 1634 1106 1666 ι
1145 1632 1440 1670 neminem
1480 1635 1588 1670 no-

295 1692 533 1754 minabo
557 1742 575 1768 ,
621 1717 799 1777 genus
838 1694 1143 1753 hominum
1179 1691 1410 1776 signasse
1445 1718 1585 1755 con-

295 1797 522 1837 tentus:
561 1777 658 1838 sed
696 1777 854 1858 vobis
891 1778 1086 1860 utique
1127 1776 1411 1838 versantur
1452 1800 1586 1841 ante

293 1861 488 1921 oculos
518 1908 534 1932 ,
585 1862 683 1944 qui
724 1860 1010 1922 Lucilium
1053 1884 1154 1943 pro
1195 1864 1432 1921 Horatio
1459 1911 1475 1934 ‚
1523 1871 1585 1924 δε

286 1946 628 2005 Lucretium
667 1969 770 2029 pro
812 1945 1061 2028 Virgilio
1099 1945 1333 2027 legunt:
1377 1946 1582 2028 quibus

296 2029 623 2111 eloquentia
656 2032 737 2089 tui
774 2030 992 2090 Aufidii
1022 2028 1162 2088 Basfi
1185 2077 1201 2102 ,
1245 2051 1339 2089 aut
1362 2030 1583 2091 Servilii

294 2114 587 2187 Noniani,
631 2137 696 2174 ex
743 2114 1163 2197 comparatione
1204 2113 1440 2174 Sisennae
1485 2136 1582 2175 aut

294 2198 565 2258 Varronis
587 2197 803 2257 sordet:
831 2200 929 2279 qui
950 2200 1240 2258 rhetorum
1263 2200 1580 2258 nostrorum

294 2284 737 2342 commentarios
765 2280 1084 2354 fastidiunt,
1109 2282 1380 2355 oderunt,
1407 2282 1577 2342 Calvi

294 2367 601 2425 mirantur:
627 2391 765 2450 quos
785 2391 943 2427 more
965 2366 1139 2451 prisco
1163 2367 1307 2449 apud
1328 2367 1579 2446 judicem

293 2447 609 2511 fabulantes
645 2501 662 2525 ,
726 2475 842 2509 non
893 2452 1174 2511 auditores
1226 2449 1530 2532 sequuntur
1555 2499 1573 2524 ‚

295 2558 412 2592 non
444 2535 678 2618 populus
701 2536 857 2595 audit
876 2583 892 2608 ‚
935 2537 1027 2594 vix
1052 2535 1297 2616 denique
1323 2534 1577 2619 litigator

294 2641 605 2702 perpetitur
627 2645 643 2679 z
686 2621 829 2681 adeo
858 2621 1027 2680 maesti
1054 2628 1112 2680 &
1135 2618 1334 2679 inculti
1356 2667 1377 2695 ,
1416 2619 1587 2681 illam·
