1663 2958
189 137 272 175 DE
319 116 815 179 Onu-omnus
863 118 1103 176 NOTAE.
1199 125 1308 197 365

44 210 155 264 cum
180 215 299 265 filios
329 213 430 264 suos
465 217 541 265 fibi
577 219 624 265 in
654 216 864 264 omnibus
886 230 1084 282 aequaret
1105 252 1119 275 ,
1155 230 1202 264 ut
1232 232 1322 281 po-=

47 283 184 344 pulus
223 283 459 329 Romanus
488 284 731 348 regnatrici
767 283 926 332 domui
955 280 1249 341 assuesceret,
1291 297 1322 330 a

47 345 160 394 Tito
191 347 560 413 Domitianoque
594 350 833 413 congiaria
872 348 968 395 dari
1005 349 1194 396 curavit.
1247 345 1321 395 Ex

45 413 279 472 nummis,
314 410 474 471 Titus,
510 411 665 458 consul
700 412 948 461 secundum
970 450 983 473 ‚
1018 429 1144 460 anno
1174 411 1322 461 Urbis

47 475 241 524 conditae
276 493 561 537 Dcccxxv‚
596 494 683 524 con
723 480 883 526 iarium
923 481 1123 544 primum
1164 478 1320 535 dedit:

46 539 109 588 T.
155 541 339 592 CAES.
381 541 695 592 VESPASIA
754 581 764 592 .
803 543 934 592 IMP.
971 542 1175 592 PONT.
1213 543 1321 593 TR.

41 605 195 655 POT.
223 606 374 655 COS.
393 609 450 655 ΙΙ.
483 610 629 671 capite
653 609 873 657 laureato.
904 610 958 655 In
981 609 1165 657 adversa
1187 626 1317 674 parte

35 671 377 721 CONGIAR.
402 673 681 724 PRIMVM.
706 673 757 723 P.
780 674 838 722 R.
864 674 1027 722 DAT.
1049 675 1314 724 Secundum

43 740 335 804 congiarium
362 739 483 787 dedit
506 757 631 787 anno
657 738 861 806 sequenti
884 739 1181 788 Domitianus
1204 759 1318 789 cori-

15 814 19 815 ’
40 801 106 850 sul
131 821 318 870 quoque
341 802 603 852 secundum.
644 805 719 853 Sic
749 808 871 853 enim
895 807 943 852 in
968 806 1062 866 ejus
1084 824 1278 853 nummo
1299 846 1313 867 ,

46 867 267 917 CONG.
288 870 349 916 H.
374 870 517 920 COS.
539 872 598 919 II.
628 870 838 919 Tertimn
860 870 1025 919 eodem
1045 888 1169 919 anno
1192 872 1316 920 dedit

39 932 175 982 Titus
196 973 209 994 ,
244 951 380 1002 atque
420 937 606 1003 quidem
641 936 856 1002 impensis
891 939 1101 984 maximis
1130 975 1143 997 ‚
1185 936 1312 1004 qued

41 1015 151 1048 natu
174 1002 323 1062 major
342 1039 356 1062 ,
389 1004 691 1068 triumphator
709 1041 722 1062 ‚
752 1009 797 1050 &
820 1004 1000 1066 imperii
1022 1002 1165 1051 heres.
1199 1005 1312 1064 Ejus

40 1069 219 1112 nummi
248 1085 351 1130 pars
384 1071 510 1131 prior
533 1107 545 1129 ‚
593 1085 640 1117 ut
673 1067 819 1132 suprzi.
882 1069 937 1114 In
972 1068 1110 1116 alter&
1145 1086 1274 1132 parte
1297 1107 1310 1128 ,

39 1130 259 1179 CONG.
291 1132 437 1181 TER.
472 1134 523 1181 Ρ.
553 1134 608 1182 R.
645 1134 775 1185 IMP.
812 1132 982 1182 MAX.
1018 1133 1178 1182 DAT.
1214 1134 1310 1182 SC.

38 1195 87 1245 id
109 1198 172 1244 est
193 1236 207 1258 ‚
244 1199 528 1264 congiarium
566 1200 748 1248 tertium
779 1198 938 1261 populo
973 1198 1178 1248 Romano
1220 1201 1309 1248 im-

37 1261 187 1328 pensis
229 1265 444 1312 maximis
488 1264 642 1313 dacum
673 1283 694 1323 ;
731 1264 1134 1328 senatusconsulto.
1195 1264 1310 1313 Hoc

35 1346 265 1377 memorat
303 1330 489 1378 Tacitus
517 1370 529 1391 ‚
577 1331 771 1396 Dialog.
810 1330 867 1377 de
906 1329 1041 1379 Orat.
1086 1347 1187 1395 cap.
1234 1349 1308 1391 17.

36 1392 273 1441 Nummos
287 1395 392 1442 verb
413 1396 513 1442 vide
532 1396 654 1459 apud
669 1396 1047 1454 Mediobarbum‚
1064 1413 1176 1461 pag.
1200 1414 1251 1443 12
1266 1414 1306 1443 1.

35 1457 330 1508 Harduinum
349 1499 362 1520 ‚
391 1462 482 1509 loc.
504 1463 577 1509 cit.
598 1478 709 1528 pag.
732 1478 843 1526 733.
865 1459 987 1513 Vide
1008 1466 1050 1508 ὃ(
1070 1461 1146 1510 Cl.
1165 1460 1306 1513 Vail-

27 1525 131 1574 -Iant
149 1564 162 1587 ,
199 1527 290 1573 loc.
314 1528 389 1574 cit.

99 1655 334 1718 TITUS,
359 1656 530 1704 deliciae
555 1656 732 1721 generis
751 1653 967 1717 humani,
995 1656 1306 1721 principatum

32 1721 225 1787 adeptus
243 1760 256 1782 ‚
275 1739 319 1770 at
338 1722 632 1787 praepropersst
651 1737 799 1769 morte
819 1738 971 1786 raptus
988 1759 1001 1781 ‚
1022 1721 1306 1784 congzarium

22 1787 233 1853 promzfic
254 1826 268 1847 ,
304 1787 353 1835 ff
378 1804 465 1835 non
494 1785 634 1835 dedit.
672 1784 761 1834 Ms.
786 1786 1063 1836 Vindobon.
1095 1786 1308 1835 Habetut

32 1852 221 1920 quidem
239 1854 358 1902 inter
372 1850 685 1903 Arschotanos
705 1869 919 1900 nummos
933 1891 946 1913 ,
964 1852 1084 1900 Tab.
1099 1851 1275 1900 XXIX
1291 1890 1306 1913 ‚

32 1937 165 1968 num.
189 1938 248 1967 20
273 1958 285 1980 ‚
318 1935 531 1967 nummus
557 1935 670 1966 unus
692 1917 790 1966 Titi
811 1956 823 1978 ‚
859 1920 950 1979 jam
969 1918 1194 1981 Principis
1212 1956 1224 1977 ,
1258 1924 1306 1966 δε

33 1983 230 2033 consulis
263 1984 478 2034 ostavum
500 2023 512 2043 ,
549 1983 681 2032 IMP.
714 1982 776 2031 T.
813 1983 1087 2033 CAESAR.
1121 1981 1305 2034 VESP-

31 2049 196 2101 AVG.
215 2050 266 2099 P.
287 2051 356 2099 M.
375 2051 480 2099 TR.
498 2049 548 2098 P.
567 2050 619 2097 P.
639 2049 689 2096 P.
713 2048 860 2098 COS.
879 2050 1014 2100 VIII.
1046 2050 1101 2095 In
1119 2047 1309 2098 advers&
1411 2061 1421 2066 “’

27 2133 159 2181 parte
204 2115 535 2167 CONGIAR.
577 2113 724 2162 TER.
767 2114 821 2162 P.
872 2116 929 2165 R.
970 2113 1101 2163 IMP.
1143 2114 1308 2163 DAT.

27 2181 212 2236 ,Verum
249 2201 462 2231 nummus
498 2182 578 2228 iste
615 2179 826 2244 suspestae
861 2184 922 2229 est
961 2180 1096 2238 fidei,
1132 2185 1177 2227 &
1204 2220 1218 2241 ,
1256 2195 1306 2230 ut

19 2248 209 2311 =videtui·
230 2286 242 2308 ‚
271 2250 329 2298 ad
358 2249 620 2313 exemplum
650 2248 831 2296 nummi
862 2244 994 2313 supr&
1025 2244 1194 2295 laudati
1226 2263 1308 2295 ex-

28 2313 219 2380 pressus.

98 2441 541 2493 DOMITIANUS
567 2442 848 2508 congiarium
866 2459 935 2492 ter
953 2440 1077 2492 dedit
1095 2441 1309 2492 denarios

35 2509 199 2572 quinos
222 2508 582 2572 &septuagenos
599 2549 612 2570 ‚
640 2509 832 2558 Gallicae
854 2526 1050 2558 monetae
1068 2509 1202 2557 libras
1220 2513 1277 2567 58
1295 2545 1308 2570 ,

28 2574 120 2631 Mi]
140 2574 414 2635 Vindobon.
435 2575 569 2632 Idem
593 2573 1310 2708 habetSueton.i11QD9mit.IV.

1072 2660 1120 2707 n)
