1663 2958
139 128 255 185 CN.
296 129 455 187 Jurxr
514 129 848 207 AcmcoLAE
895 130 1113 192 ΝΟΜ.
1212 156 1320 216 315

47 223 245 272 'riofzale
286 221 341 273 de
382 223 570 291 Z’Ecoffi?
591 265 605 287 ,
642 243 736 275 erat
768 227 857 276 alia
891 226 1034 278 ferme
1065 229 1211 282 insula
1233 273 1247 297 ‚
1276 237 1329 286 in

52 305 193 355 quam
234 289 460 356 Agricola
490 292 639 339 hostes
676 292 996 344 summoverat.

114 419 240 469 CAP.
256 421 446 472 XXIV.
473 420 649 488 Quinto
669 424 1002 486 expeditionum
1023 446 1159 482 anno.
1178 431 1326 482 Anno

42 482 186 536 Urbis
212 489 405 537 conditae
425 504 719 538 ncccxxxv
741 529 754 551 ,
783 490 888 544 Jesu
914 494 1083 544 Christi
1112 502 1187 546 82.

113 550 254 600 Nave
276 555 439 615 prima.
471 555 631 615 Nave,
657 559 866 605 omnium
891 562 1037 621 prima
1053 600 1066 622 ‚
1099 581 1199 631 quae
1218 582 1323 614 oras

41 615 141 666 illas
161 616 343 667 scrutari
368 620 479 668 ausae
497 620 622 681 sunt,
643 621 946 688 transgreffus.
981 627 1164 677 Locum
1187 631 1314 680 hunc

41 681 164 731 male
210 686 399 751 quidam
442 686 697 735 sollicitant.
766 687 946 753 Aperta
986 694 1098 741 mihi
1146 697 1323 745 videtur

41 745 195 797 Taciti
217 754 433 799 narrati0.
453 753 704 819 Agricola,
732 752 968 803 summotis
995 760 1109 807 ultra
1131 761 1320 811 Clotam

43 819 90 862 &
121 814 388 865 Bodotriam
411 856 423 877 ,
461 822 581 868 velut
611 822 657 867 in
689 821 827 868 aliam
858 822 1050 870 infidam
1085 828 1285 876 hostibus
1305 868 1321 888 ,

37 880 331 932 transui-effus
368 885 432 932 est
462 885 650 935 Clotam
683 888 964 949 aestuarium,
1004 889 1046 938 Ze
1081 891 1221 954 Golfe
1263 893 1321 942 de

40 947 159 997 Dim
195 964 323 998 arton
345 989 360 1010 ‚
401 968 516 999 nave
540 991 553 1012 ‚
586 953 904 1002 Romanarum
932 959 1143 1005 omnium
1167 959 1318 1024 prima

41 1028 143 1080 quae
187 1033 289 1063 oras
327 1016 426 1064 illas
466 1019 655 1067 scrutata
697 1021 757 1067 est
783 1039 797 1081 3
838 1039 1033 1086 eamque
1068 1025 1317 1075 Britanniae

38 1077 220 1143 partem
240 1120 253 1141 ‚
288 1100 388 1149 quae
413 1082 688 1132 Hiberniam
715 1084 871 1150 aspicit
890 1126 903 1147 ,
936 1107 1105 1155 nempe
1125 1094 1319 1157 provin-

40 1146 131 1193 cias
163 1146 353 1197 camir-e
374 1188 389 1207 ,
426 1148 629 1210 Carrik,
664 1150 944 1220 Galloway‚
984 1154 1143 1223 Wz'ghr
1160 1196 1178 1218 ,
1217 1157 1318 1211 [rc.

38 1215 186 1276 copiis
218 1216 440 1262 instruxit.

99 1277 384 1329 Hiberniam.
425 1280 566 1329 Nunc
591 1279 830 1335 Z'Irlcznde.

99 1341 158 1391 In
174 1345 302 1407 spem
327 1346 487 1411 magis.
524 1348 579 1393 In
612 1348 738 1412 spem
774 1350 933 1398 futurae
966 1353 1181 1401 utilitatis-

103 1406 156 1458 V
151 1408 456 1476 alentzffimczm
478 1411 652 1473 imperii
671 1431 857 1475 partem.
875 1416 1102 1467 Hibernia
1117 1458 1129 1480 ‚
1155 1420 1313 1469 medio

35 1475 154 1523 inter
172 1476 457 1525 Britanniam
475 1494 610 1545 atque
623 1478 898 1546 Hispaniam
922 1483 999 1532 fita
1016 1524 1028 1545 ,
1057 1492 1100 1533 &
1122 1484 1314 1550 Gallico

36 1556 227 1609 quoque
259 1546 373 1591 mari
411 1561 677 1608 opportuna
700 1584 712 1606 ,
747 1548 1091 1598 valentissimam
1126 1554 1313 1617 imperii

31 1623 212 1671 partem
225 1647 238 1669 ,
255 1608 530 1673 Hispaniam
547 1609 711 1659 scilicet
725 1611 929 1662 Galliam
947 1621 989 1663 ὃς
1004 1617 1306 1680 Britanniam,

33 1676 218 1737 magnis
246 1676 446 1739 invicem
470 1675 614 1724 usibus
640 1696 723 1742 per
745 1684 1023 1730 commercia
1046 1684 1308 1745 conjunxit.

36 1735 148 1785 Hac
171 1755 323 1799 aetate,
358 1740 445 1806 qua
476 1743 596 1789 rudis
623 1744 771 1792 adhuc
800 1763 895 1794 erat
915 1766 984 1796 ars
1006 1752 1187 1797 nautica
1211 1790 1223 1810 ‚
1252 1754 1309 1801 iis

32 1807 323 1853 commerciis
341 1808 722 1871 opportuniffima
740 1827 834 1858 erat
854 1812 1096 1865 Hibernia.
1121 1815 1308 1865 Hodie-

69 1885 125 1915 ue
161 1868 359 1919 Hiberni
394 1873 578 1936 plurimi
617 1876 664 1921 in
710 1874 938 1941 Hispania
981 1898 1034 1929 ac
1070 1885 1305 1950 praecipue

33 1885 242 1986 &adibus
263 1975 276 1996 ‚
314 1935 458 2005 cadiz
480 1977 497 1998 ,
534 1942 842 2005 negotiantur.
1013 1958 1028 1968 ‘'

94 1999 253 2065 Nostri
285 2003 441 2054 maris.
481 2004 807 2071 Mediterranei
831 2012 966 2058 maris
989 2010 1171 2062 insulas.

101 2064 276 2115 Melius
297 2067 449 2118 aditus
468 2072 718 2137 portusque.
741 2073 905 2123 Aditus
932 2078 1180 2146 portusque
1206 2082 1304 2132 Hi·-

32 2130 200 2180 berniae
218 2152 302 2199 per
327 2140 606 2185 commercia
627 2146 671 2186 &
693 2143 1000 2205 negOtiatores
1020 2147 1182 2196 melitis
1203 2147 1304 2202 sunt

33 2197 224 2266 cogniti.
270 2201 493 2252 Interiora
515 2202 622 2253 vero
647 2205 797 2255 insulae
818 2206 913 2256 fere
938 2211 1116 2276 ignota.

99 2331 225 2381 CAP.
254 2333 422 2384 XXV.
468 2333 661 2385 Sextum
698 2336 833 2403 officii
872 2357 1057 2390 annum.
1104 2343 1297 2396 Annum

5 2400 8 2433 l
30 2395 181 2446 Urbis
207 2400 402 2449 conditae
431 2418 747 2453 Dcccxxxvr
766 2443 779 2465 ‚
813 2405 917 2458 Jesu
944 2407 1111 2458 Christi
1137 2415 1215 2475 83.

98 2464 350 2526 Amplexus
372 2467 593 2518 civitates.
629 2470 885 2536 Amplexus
914 2472 1176 2526 Orientales
1200 2477 1297 2526 Ca-

30 2526 322 2581 ledoniorum
352 2535 585 2598 civitates,
605 2536 698 2587 *ubi
726 2555 850 2589 nunc
878 2544 1127 2607 provinciae
1153 2542 1256 2609 Fife
1274 2582 1294 2603 ,

1007 2607 1122 2672 011·
