1663 2958
282 201 396 257 324
530 176 614 233 IN
661 173 960 233 LrssrmM
1009 195 1089 232 DE
1136 173 1315 237 VrrA

281 278 444 325 milites
475 274 693 324 Romani.
732 271 855 323 Vide
874 273 970 335 jam
993 273 1114 324 dieta
1136 274 1268 341 supra
1292 274 1438 327 Tom.
1461 263 1558 326 1112·

281 358 396 408 pag.
438 356 549 400 455.
606 338 828 389 Praeterea
864 341 914 388 in
955 343 1106 391 castris
1143 342 1367 392 Romanis
1405 345 1558 393 nuilus

279 409 464 456 feminis
497 407 642 453 locus.

346 471 483 522 Nulli
515 485 730 534 parentes
752 469 937 538 fugam.
972 472 1151 523 Contra
1174 472 1283 524 ver&
1305 514 1319 536 ‚
1357 490 1410 524 ut
1437 470 1562 541 apud
1632 511 1635 515 «

283 537 549 588 Germanos
565 577 577 600 ‚
604 537 661 586 fic
680 537 804 603 apud
825 538 1069 589 Britannos
1083 580 1096 600 ,
1125 558 1292 591 matres
1304 581 1318 603 ,
1336 544 1561 608 conjuges

283 605 544 653 hortamina
576 604 888 671 pugnantibus
926 608 1196 674 gestabant,
1236 616 1281 657 &
1314 610 1560 657 inclinatas

283 670 578 739 labentesque
596 674 715 719 acies
736 689 1094 741 nonnumquam
1113 675 1417 724 restituebant.
1438 674 1564 727 Vide

280 736 415 804 supra
444 738 500 787 de
520 738 732 787 Moribus
756 737 1102 789 Germanorum
1122 759 1228 807 cap.
1250 760 1276 800 7
1301 748 1346 789 δ(
1367 746 1412 792 8.

347 804 498 855 Nulla
536 803 753 869 plerzssque
790 807 961 868 patria.
1026 807 1122 856 Aut
1162 809 1290 857 nulia
1332 805 1563 875 plerisque

279 875 429 938 patria
451 873 511 920 est
530 910 543 932 ,
575 888 652 920 aut
681 872 799 933 alia,
827 872 968 940 quaim
996 874 1249 923 Britannia.
1279 874 1427 923 Nulla
1452 876 1564 940 ple-

277 938 428 1006 risque
466 940 615 1005 patria
653 954 782 1000 erat,
822 939 982 1006 quod,
1021 957 1070 989 ut
1098 940 1220 990 recte
1258 941 1456 1006 explicat
1487 941 1560 989 Ill.

279 1004 479 1055 Huetius
499 1044 512 1066 ,
546 1005 752 1066 obscuri,
789 1003 931 1072 vulgo
958 1010 1173 1072 concepti
1203 1026 1258 1056 ex
1279 1006 1435 1056 scortis
1463 1009 1559 1056 mi·-

276 1072 480 1120 litaribus
501 1110 514 1133 ,
550 1073 598 1119 in
629 1071 996 1136 expeditionibus
1015 1111 1030 1133 ,
1066 1076 1114 1120 in
1141 1075 1222 1123 viis
1249 1075 1360 1122 nati.

343 1138 528 1186 Paucos
549 1154 750 1187 numero.
783 1135 966 1186 Frustra
987 1137 1129 1207 vulgo
1156 1140 1426 1190 emendatur
1440 1157 1563 1203 pau-

276 1222 350 1255 cos
384 1221 608 1255 numeros·
642 1202 785 1254 Recte:
805 1211 849 1253 &
884 1206 1122 1273 eleganter
1155 1207 1325 1257 dietum
1347 1247 1361 1269 ,
1387 1223 1560 1271 paucos

277 1289 478 1322 numero.

336 1337 521 1388 Circum
542 1337 756 1399 trepidos,
771 1338 1060 1388 Crediderim
1081 1337 1252 1389 circum
1269 1340 1558 1405 redundare3

273 1410 318 1454 &
342 1408 538 1471 petitum
559 1403 646 1453 effe
673 1422 729 1453 ex
755 1404 960 1472 sequenti
979 1407 1099 1454 linea
1121 1406 1559 1472 circumffieflantes.

334 1473 496 1538 Neque
518 1472 659 1537 tegit,
680 1488 823 1536 neque
847 1472 1079 1521 vulnerat.
1109 1472 1236 1520 Bene
1252 1512 1266 1534 ,
1296 1480 1339 1520 &
1358 1475 1554 1523 barbaro

248 1550 252 1555 '
275 1539 484 1606 dignum.
533 1537 758 1586 ornatius
781 1576 794 1598 ,
831 1537 906 1586 sed
932 1556 1029 1585 non
1058 1537 1222 1586 melitis
1237 1577 1252 1599 ,
1284 1539 1443 1589 Livius
1467 1541 1518 1588 X
1540 1579 1557 1603 ,

249 1619 253 1622 ’
275 1622 297 1669 3
306 1624 355 1663 9·
379 1604 486 1655 Non
509 1603 667 1669 cristas
682 1602 873 1652 vulnera
882 1602 1079 1666 facere,
1111 1601 1160 1652 ἓν
1183 1621 1264 1667 per
1283 1605 1405 1665 pifia
1424 1621 1559 1671 atque

250 1697 251 1700 =
274 1686 441 1721 aurata
445 1672 582 1736 scura
600 1668 792 1734 transire
812 1668 1067 1719 Romanum
1083 1668 1227 1731 pilum
1242 1709 1258 1732 ‚
1287 1669 1556 1723 &candore

270 1738 528 1788 tunicarum
535 1735 793 1803 fulgentem
814 1736 955 1786 aciem
976 1774 994 1796 ,
1022 1735 1095 1785 ubi
1109 1752 1185 1786 res·
1193 1735 1324 1801 ferro
1338 1753 1556 1805 geratur,

272 1819 521 1855 cruentam.

340 1870 483 1938 Ufipiz'
507 1868 804 1934 reliquerunt.
826 1868 899 1916 Ut
920 1868 1091 1917 didium
1117 1870 1179 1917 est
1197 1867 1330 1934 fiiprai
1352 1887 1454 1935 cap.
1477 1873 1558 1923 28.

333 1936 507 1986 Senum
529 1935 732 1985 coloniae.
757 1935 1027 1996 Veteranis‚
1064 1953 1182 2003 quos
1210 1934 1401 1984 irridens
1410 1937 1551 2001 senes

266 2005 504 2068 appellat,
541 2002 742 2051 maxim&
773 2002 1041 2050 constabant
1069 2003 1283 2051 coloniae.

331 2069 399 2119 Et
420 2068 622 2119 metalla.
655 2067 836 2132 Quibus
861 2066 1094 2117 fodiendis
1120 2070 1249 2118 victae
1278 2083 1306 2117 a
1329 2066 1556 2121 Romanis

265 2151 425 2203 gentes
461 2134 750 2186 insudabant.

337 2268 465 2318 CAP.
499 2267 740 2318 XXXIII.
792 2267 1036 2347 Procurfiu
1087 2266 1350 2337 Fulgebant
1392 2285 1558 2331 arma,

271 2332 377 2383 crim
416 2335 756 2386 audentissimus
791 2334 982 2405 quisque
1017 2354 1066 2386 in
1107 2354 1318 2404 pugnam
1352 2353 1553 2402 procur-

269 2418 403 2451 reret.

338 2467 549 2518 Priorum
587 2468 866 2519 exercituum
901 2467 1131 2519 terminos.
1178 2468 1370 2519 Veteres
1407 2469 1548 2536 legati

272 2540 318 2582 δε
337 2537 512 2600 priores
539 2539 757 2585 exercitus
787 2538 836 2584 in
872 2535 1109 2585 Britannia
1139 2535 1430 2585 bellaverant.
1481 2536 1547 2584 At

271 2599 496 2665 Agricola
523 2601 709 2670 ejusque
737 2606 956 2654 exercitus
971 2643 987 2668 ,
1009 2603 1094 2652 hos
1118 2605 1337 2655 terminos
1356 2599 1515 2670 egreffi
1530 2638 1548 2664 a

269 2663 579 2718 Caledoniam
609 2669 837 2722 tenebant.
1451 2699 1454 2702 ·
