1663 2958
347 125 989 185 AGR1coLA„
1233 140 1313 201 93·

45 225 302 311 speekavit
325 249 337 283 t
374 223 641 307 praecipua
666 219 763 279 sub
786 220 1123 279 Domitiano
1146 222 1313 281 mise-

44 314 251 370 riarum
280 330 399 393 pars
431 326 545 365 erat
567 352 582 376 ,
623 303 813 362 videre
845 313 901 362 &
933 303 1094 386 aspici
1124 328 1136 361 :
1178 304 1309 363 cum

46 392 269 475 suspiria
281 390 464 449 nostra
483 384 947 446 subscriberemus
965 412 976 444 z
994 387 1122 445 cum
1141 388 1313 447 deno-

49 475 228 535 tandis
262 493 345 530 tot
378 470 678 529 hominum
712 468 1010 550 palloribus
1042 468 1315 531 sufficeret

45 558 206 619 saevus
229 555 322 615 ille
346 552 526 612 vultus
558 559 615 611 &
640 552 809 609 rubor
834 597 850 621 ‚
886 574 1000 632 quo
1034 552 1087 612 se
1121 575 1313 614 contra

47 639 323 724 pudorem
352 634 659 695 muniebat.
691 636 784 691 Tu
807 637 937 692 vero
956 632 1089 694 felix
1106 683 1123 707 ‚
1149 637 1316 718 Agri-

50 723 170 782 cola
185 770 201 794 ,
226 743 337 779 non
358 719 479 779 vitae
494 717 714 777 tantum
733 715 978 776 claritate
994 765 1010 789 ‚
1030 717 1125 777 sed
1143 721 1314 779 etiam

48 801 463 888 opportunitate
495 801 690 859 mortis
717 825 729 857 ε
763 819 822 858 ut
846 800 1142 882 perhibent
1163 849 1179 872 ,
1216 804 1314 881 qui

50 885 422 947 interfuerunt
454 883 755 943 novissimis
786 881 1133 942 sermonibus
1169 887 1274 942 tuis
1296 933 1313 958 ,

50 973 299 1030 constans
336 978 393 1029 &
430 968 609 1027 libens
643 965 822 1024 fatum
855 968 1142 1049 excepisti,
1179 989 1318 1026 tam·

52 1077 224 1134 quam
274 1074 372 1132 pro
430 1049 576 1109 virili
628 1049 884 1131 portione
934 1050 1317 1123 innocentiam

50 1136 292 1217 Principi
312 1134 565 1193 donares·
597 1133 705 1191 Sed
733 1132 873 1189 mihi
895 1132 1128 1214 filiaeque
1148 1181 1164 1205 ,
1190 1158 1320 1216 ptae-

52 1241 136 1278 tet
179 1215 541 1276 acerbitatem
589 1216 827 1297 patentis
871 1218 1095 1298 erepti,
1154 1240 1318 1300 auget

51 1301 357 1360 maestitiam
395 1346 410 1369 ‚
470 1298 624 1379 quod
675 1297 921 1357 adsidere
968 1298 1316 1373 valetudini,

53 1383 243 1443 fovere
275 1381 633 1441 deficientem
659 1429 674 1453 ,
713 1380 890 1439 satiati
925 1381 1119 1454 vultu,
1156 1407 1317 1442 com-

52 1467 212 1551 plexu
238 1514 254 1538 ‚
289 1488 406 1525 non
432 1465 667 1546 contigit
693 1489 704 1521 z
742 1464 1130 1546 excepissemus
1166 1469 1314 1527 certe}³

50 1550 316 1608 mandata
343 1547 613 1627 vocesque
636 1595 652 1619 ,
698 1571 830 1627 quas
868 1549 1085 1627 penitus
1120 1551 1314 1609 animo

53 1633 367 1714 figeremuS.
433 1632 628 1689 Noster
678 1630 767 1688 hic
814 1630 976 1688 dolor
1007 1679 1023 1703 ‚
1068 1634 1317 1692 nostrum

55 1715 286 1774 vulnus:
329 1713 489 1772 nobis
523 1735 637 1771 tam
677 1711 854 1794 Iongae
889 1712 1142 1772 absentiae
1183 1740 1319 1775 con-

55 1799 268 1857 ditione
311 1818 439 1855 ante
486 1795 919 1876 quadriennium
969 1795 1189 1857 amissus
1243 1823 1316 1859 es.

55 1882 272 1940 Omnia
317 1877 426 1936 fine
466 1878 679 1950 dubiO,
721 1879 936 1959 optime
974 1903 1267 1962 parentum
1300 1931 1316 1954 ‚

55 1963 338 2022 adsidente
365 1960 730 2020 amantiffima
756 1985 923 2021 uxore
954 2010 969 2033 ‚
1004 1962 1320 2045 superfuere

57 2046 258 2104 honori
295 2066 432 2103 tuo:
471 2045 815 2127 paucioribus
854 2066 1042 2103 tamen
1080 2047 1322 2107 lacrimis

57 2127 388 2211 compositus
421 2151 511 2199 eS‚
552 2137 608 2187 &
648 2127 935 2185 novissiinc‘i
972 2129 1031 2186 in
1070 2129 1190 2189 luce
1227 2131 1320 2191 de-¹

56 2211 358 2272 fidetavete
396 2210 610 2291 aliquid
650 2210 796 2268 oculi
835 2211 932 2269 tui.

148 2297 353 2354 XLVI.
384 2296 440 2352 S1
469 2295 589 2373 quis
612 2294 833 2375 piorum
859 2294 1113 2354 manibus
1134 2295 1317 2376 locus;

56 2378 93 2436 si
121 2425 136 2448 ,
175 2398 235 2436 ut
267 2376 600 2455 sapientibus
639 2376 818 2459 placet
841 2425 856 2449 ‚
896 2400 1009 2434 non
1040 2402 1167 2437 cum
1195 2379 1319 2439 coi·-

58 2482 190 2543 pote
230 2461 641 2539 exstinguuntur
675 2482 887 2541 magnae
928 2461 1122 2520 animae
1154 2488 1165 2521 z
1205 2463 1319 2543 pla-

54 2541 180 2608 cide
202 2541 442 2623 quiescas
461 2591 477 2617 ,
508 2542 715 2625 nosque
734 2591 750 2616 ,
782 2543 1018 2603 domum
1041 2552 1194 2605 tuam
1209 2595 1226 2621 ,
1248 2547 1316 2606 ab
