1663 2958
293 129 1139 178 CHRONOLOGICA'.
1252 133 1378 194 431'

94 217 282 268 'bibetur
303 235 319 280 3
351 217 648 285 exsiliumque
669 216 747 265 fibi
770 214 1068 267 demonstrari
1089 219 1376 289 intelligens,

99 285 233 352 fugit.
257 283 432 331 Annal.
449 283 518 329 III
540 320 552 342 ,
585 302 660 341 24.

166 350 398 416 Augustus
411 388 424 410 ,
442 364 700 396 commotus
722 348 857 398 Caffii
878 349 1032 398 Severi
1050 349 1240 400 libidine
1255 391 1266 412 ,
1286 354 1379 419 quii

101 419 227 468 viros
247 414 530 482 feminasque
548 415 736 462 illustres
757 416 1025 480 procacibus
1054 415 1226 479 scriptis
1247 419 1382 468 diffa-

104 500 308 533 maverat
326 522 339 544 ‚
371 485 546 549 primus
565 484 885 547 cognitionem
906 483 961 530 de
987 481 1169 531 famofis
1189 485 1380 548 libellis,

20 584 34 593 .
102 549 253 616 specie
275 551 389 617 legis
416 548 654 609 majestatis
674 587 686 608 ,
726 550 901 597 traciat.
933 549 1106 598 Annal.
1129 549 1150 598 I
1171 589 1184 611 ‚
1215 571 1294 610 72.

171 616 316 682 Apud
347 632 517 664 veteres
549 612 633 662 fuit
662 632 850 682 quoque
886 614 958 662 lex
987 617 1227 678 majestatis
1253 637 1266 680 3
1305 616 1382 666 sed

100 684 196 732 alia
228 686 276 731 in
310 681 532 745 judicium
566 680 825 729 veniebant.
883 681 932 729 Si
973 685 1072 749 quis
1114 685 1380 748 proditione

105 752 380 809 exercitum,
404 765 477 797 aut
499 747 680 812 plebem
698 747 987 795 seditionibus
1003 787 1015 807 ,
1043 749 1242 816 denique
1262 749 1380 798 male

110 816 235 881 gesta
273 814 506 881 republica
542 815 822 876 majestatem
857 816 1023 878 populi
1060 815 1260 864 Romani
1293 819 1382 864 mi·-

107 881 269 929 nuiffet
287 920 300 943 ‚
335 880 457 930 facia
489 881 824 948 arguebantur,
861 880 983 929 dicia
1015 881 1208 947 impune
1237 899 1380 931 erant.

95 946 283 1000 lAnnal.
313 948 369 1010 Ι,
405 967 485 1007 72.

261 1042 470 1103 ANNUS
498 1047 574 1103 U.
590 1046 660 1104 C.
688 1065 936 1103 Dchxu.
1006 1046 1057 1104 J.
1084 1047 1144 1102 C.
1175 1071 1230 1119 9.

176 1143 410 1211 Augustus
446 1144 598 1210 legem
633 1144 827 1210 Papiam
856 1144 1107 1208 Poppaeam
1141 1144 1384 1192 incitandis

107 1210 320 1259 caelibum
353 1213 505 1278 poenis
527 1217 570 1258 ὃς
591 1211 807 1278 augendo
841 1212 999 1260 aerario
1022 1209 1178 1258 sancit.
1209 1210 1386 1259 Annal.

109 1277 180 1326 ΙΙΙ
200 1316 213 1336 ,
243 1293 318 1337 25.

172 1344 355 1391 Bellum
377 1340 691 1391 Dalmaticum
717 1361 743 1391 a
760 1342 951 1392 Tiberio
972 1341 1250 1391 confectum.
1282 1340 1388 1390 Or-

108 1408 337 1473 nospades
358 1408 483 1454 haud
497 1410 722 1473 inglorius
742 1411 982 1457 auxiliator
998 1446 1010 1467 ,
1037 1409 1187 1474 eoque
1206 1410 1386 1456 civitate

108 1474 325 1523 Romana
351 1473 562 1520 donatuS.
597 1473 771 1520 Annal.
791 1472 889 1533 VI,
926 1491 1000 1534 37.

173 1539 381 1591 Variana
413 1538 578 1586 clades.
622 1537 739 1585 Tres
772 1554 876 1585 cum
897 1539 1028 1589 Varo
1060 1538 1267 1602 legiones
1295 1555 1389 1602 pe-

112 1608 246 1654 riere.
286 1605 455 1655 Vistor
475 1604 728 1652 Arminius.
759 1602 934 1653 Annal.
953 1605 975 1652 I
991 1643 1005 1666 ‚
1040 1621 1097 1651 10
1115 1642 1129 1664 ,
1162 1618 1219 1664 59
1241 1610 1285 1651 δ(
1307 1612 1391 1660 6ιρ

114 1672 172 1721 de
194 1671 320 1720 Mor.
348 1669 577 1719 German.
606 1687 709 1735 cap.
734 1687 809 1733 37.

247 1766 464 1825 ANNUS
490 1766 567 1823 U.
587 1766 657 1823 C.
685 1788 931 1829 Dchxv.
996 1769 1047 1828 J.
1070 1769 1129 1824 C.
1166 1789 1253 1824 12.

182 1864 360 1914 Tiberii
397 1864 454 1912 de
481 1863 734 1912 Pannoniis
773 1881 826 1913 ac
856 1865 1084 1913 Dalmatis
1120 1864 1398 1932 triumphus}

115 1933 294 1985 Annal.
320 1932 341 1978 I
363 1970 376 1991 ‚
405 1948 434 1986 4
460 1936 505 1976 ὃς
531 1947 607 1992 34.

187 1998 327 2046 Caius
359 2035 371 2056 ‚
419 1995 692 2043 Germanici
733 2001 779 2043 &
813 1995 1090 2062 Agrippinae
1129 1997 1246 2045 filius
1279 2035 1291 2057 ,
1336 2002 1387 2047 in

118 2065 269 2114 castris
305 2061 527 2110 nascitur:
562 2081 667 2110 eum
691 2100 704 2122 ,
741 2063 790 2108 in
819 2063 1119 2110 contubernio
1149 2065 1388 2129 legionum

115 2130 332 2179 edu&um
352 2168 364 2190 ,
390 2129 571 2177 militari
598 2128 825 2176 vocabulo
846 2126 1103 2194 Caligulam
1125 2130 1392 2194 appellant,

119 2201 232 2263 quia
263 2198 534 2262 plerumque
569 2194 627 2242 ad
664 2193 953 2242 concilianda
989 2196 1114 2261 vulgi
1151 2195 1293 2244 studia
1331 2214 1393 2245 eo

118 2265 327 2330 tegmine
363 2261 536 2327 pedum
563 2261 847 2311 induebatur.
883 2260 1056 2309 Annal.
1078 2262 1101 2309 I
1118 2300 1132 2322 ‚
1161 2280 1240 2320 41.

237 2360 455 2419 ANNUS
484 2359 560 2416 U.
584 2359 653 2417 C.
682 2380 949 2417 Dchxvi.
1019 2362 1070 2419 J.
1099 2363 1157 2418 C.
1197 2383 1287 2437 13.

187 2459 420 2524 'Augustus
440 2497 452 2518 ,
480 2456 584 2505 cum
603 2456 795 2505 Tiberio
815 2459 1100 2507 tribuniciam
1123 2459 1394 2524 potestatem

118 2538 151 2575 a
172 2526 374 2590 patribus
397 2523 568 2572 rursum
594 2525 838 2589 postularet
859 2564 871 2585 ,
907 2543 1188 2593 quamquam
1211 2525 1391 2572 honora

121 2596 336 2645 oratione
354 2629 368 2653 ,
399 2589 607 2659 quaedam
629 2590 684 2640 de
703 2589 860 2640 habitu
881 2593 1099 2660 vultuque
1119 2598 1162 2640 ὃς
1183 2593 1393 2639 institutis
