1663 2958
285 231 404 297 10'6
488 229 561 290 C.
606 223 1037 284 CORNELH
1078 221 1368 282 TAc1Tr

283 331 588 419 quominus
617 321 849 386 offensas
872 320 1109 382 Catonis
1137 320 1218 380 tui
1249 315 1436 377 ames?
1463 313 1566 376 Art

284 420 418 481 ideo
445 413 656 473 librum
681 409 847 468 istum
872 403 1312 490 apprehendisti,
1339 421 1401 460 ut
1427 399 1561 458 dili-

289 499 512 586 gentius
555 497 915 564 retractare&
958 499 1014 550 &
1048 487 1273 547 sublatis
1298 533 1314 558 ‚
1360 483 1399 542 fi
1439 505 1561 564 quae

291 607 521 672 pravam
571 574 977 660 interpretandi
1030 571 1326 631 materiam
1382 567 1564 626 dede-

287 689 419 730 runt
446 715 462 741 ‚
504 665 790 726 emitteres
815 662 1100 719 Catonem
1122 702 1138 727 ,
1179 676 1296 712 non
1326 650 1565 732 quidem

292 753 596 814 meliore-m
621 796 637 821 ‚
669 745 766 805 sed
788 765 979 804 tamen
1003 738 1380 800 securiorem?
1410 735 1572 793 Turn

292 844 387 898 ille
411 885 427 910 ,
478 838 657 916 Leges
708 850 768 888 tu
814 827 1049 908 quidem
1100 821 1138 879 s1
1183 818 1423 880 volueris
1452 864 1469 890 ‚
1512 824 1582 876 δε

297 917 564 1003 agnosces
587 964 602 989 ,
630 936 749 996 quae
771 911 966 971 audisti
988 934 1001 967 z
1024 905 1177 989 quod
1199 904 1237 964 s1
1261 927 1370 985 qua
1388 898 1577 961 omisit

297 1009 448 1066 Cato
471 1051 486 1075 ,
506 997 762 1081 sequenti
781 994 1107 1054 recitatione
1123 989 1388 1067 Thyestes
1406 985 1587 1045 dicet«

300 1093 463 1149 Hanc
499 1085 655 1144 enim
689 1078 1023 1161 tragoediam
1051 1071 1290 1154 disposui
1323 1078 1436 1151 jam
1462 1116 1479 1142 ‚
1521 1076 1591 1128 &-

301 1174 450 1232 intra
474 1191 566 1228 me
593 1164 706 1249 ipse
733 1161 992 1221 formavi.
1033 1157 1223 1237 Atque
1240 1155 1372 1213 ideo
1396 1173 1591 1211 matu--

302 1276 426 1316 rare
477 1252 607 1310 libri
655 1249 817 1329 hujus
863 1245 1178 1305 editionem
1226 1237 1425 1298 festino
1457 1282 1474 1308 ,
1522 1255 1592 1296 ut:

305 1336 534 1400 dimissss
583 1334 775 1417 priore·
812 1328 940 1389 cur&
974 1375 991 1400 ,
1055 1347 1211 1383 novae
1253 1320 1589 1403 cogitationi

305 1444 430 1483 toto
451 1424 672 1504 pe&ore
690 1413 1035 1474 incumbam.
1050 1407 1217 1467 Adeo
1233 1427 1287 1465 te
1304 1404 1591 1487 tragoediae

306 1509 414 1568 istae
442 1529 557 1562 non
588 1501 786 1560 satiant
808 1546 824 1570 ,
843 1495 1030 1576 inquit
1052 1492 1233 1570 Aper,
1260 1489 1592 1570 quominus,

310 1588 517 1651 omiffis
565 1585 888 1644 orationum
925 1588 982 1639 δε
1023 1573 1307 1636 causarum
1352 1572 1543 1631 studiis
1571 1617 1601 1644 ‚,

311 1695 486 1735 omne
508 1690 729 1750 tempus
757 1664 935 1723 modo
961 1662 1104 1721 circa
1126 1657 1432 1728 Medeam,
1460 1678 1594 1715 ecce

313 1781 464 1819 nunc
512 1755 655 1813 circa
695 1749 977 1827 Thyesten
1003 1794 1020 1818 ,
1073 1740 1361 1801 consumas
1394 1743 1414 1797 ?
1459 1738 1595 1800 cum

316 1863 402 1902 tot
439 1840 753 1899 amicorum
790 1831 955 1890 causae
985 1876 1000 1900 ‚
1039 1848 1123 1886 tot
1158 1824 1506 1883 coloniarum
1535 1831 1595 1884 &

311 1922 757 2004 municipiorum
777 1912 1047 1974 clientelae
1069 1911 1129 1969 in
1148 1907 1337 1967 forum
1357 1926 1563 1967 vocent
1575 1955 1604 1980 ‚.

315 2009 520 2090 quibus
546 2007 636 2064 vix
659 1998 965 2070 sufficeres,
992 1995 1162 2055 etiam
1186 1991 1223 2050 si
1247 2015 1363 2050 non
1384 2013 1601 2052 novum

319 2092 428 2153 tibi
462 2087 574 2172 ipse
619 2084 914 2168 negotium
956 2074 1303 2161 importaffes
1326 2123 1344 2147 ,
1381 2075 1600 2132 Domi-

322 2178 466 2237 tium
483 2222 498 2245 ,
522 2181 577 2232 δέ
597 2174 913 2230 Catonem:
934 2165 995 2223 id
1014 2166 1116 2234 est,
1143 2162 1344 2219 nostras
1369 2181 1599 2239 quoque

321 2259 569 2320 historias
586 2303 602 2327 ‚
628 2264 684 2314 δε
704 2256 964 2312 Romana
985 2245 1218 2308 nomina
1233 2292 1249 2316 ‚
1275 2245 1600 2301 Graecorum

323 2342 527 2404 fabulis
556 2357 898 2421 aggregares.

406 2426 506 2486 IV.
548 2426 627 2482 ET
652 2427 938 2480 Maternus
955 2463 970 2487 ,
995 2409 1353 2473 Perturbarer
1376 2408 1476 2465 hac
1504 2406 1598 2466 tuz'i

324 2509 615 2569 severitate
641 2555 657 2578 ‚
702 2503 801 2561 nisi
834 2500 1095 2579 frequens
1124 2506 1179 2557 &
1204 2493 1406 2552 affidua
1436 2491 1626 2549 nobis-

328 2592 617 2653 contentio
662 2595 777 2667 jam
821 2584 994 2666 prope
1032 2583 1092 2639 in
1134 2574 1600 2638 consuetudinem

326 2675 586 2737 vertisset.
655 2673 805 2731 Nam
837 2691 940 2728 nec
971 2687 1031 2726 tu
1061 2665 1269 2748 agitare
1302 2669 1355 2721 ὃς
1383 2657 1630 2739 insequiss
