1663 2958
335 146 449 197 ²42
543 122 623 178 IN
672 114 977 172 LIBRUM
1025 127 1107 162 DE
1156 101 1532 163 MORIBus

319 216 525 288 subsidia
565 211 800 279 requirunt
841 203 1039 257 bellandi
1076 199 1297 265 periculo.
1345 196 1622 262 Frequenter
1652 226 1661 267 ,Ἰ

337 301 487 336 autem
519 295 644 329 tanto
683 275 842 327 ardore
876 272 1015 336 rapi,
1057 287 1105 318 ut
1140 269 1241 318 cum
1273 281 1363 323 ea,
1403 279 1501 328 quae
1519 261 1619 327 fida
1652 271 1662 320 A·

338 364 509 415 magna
529 345 778 412 aestimant,
804 357 929 390 arma
945 335 1089 389 vidus
1105 331 1349 384 tradiderit
1369 367 1384 388 ‚
1405 327 1465 378 ad
1488 345 1622 379 unum
1652 321 1663 383 ἐξ

338 416 456 466 aleoe
475 414 648 478 jafium
669 407 957 472 vitamsuam
978 400 1182 468 potestati
1212 398 1283 449 vel
1309 393 1522 454 vietoris,
1551 392 1623 444 vel
1652 384 1663 462 [ξ

328 478 628 548 faeneratoris
659 515 675 537 ,
724 473 927 524 addicat.
989 468 1209 532 Denique
1262 461 1472 528 constat,
1511 457 1660 525 quael·

339 545 523 615 quidam
541 584 559 606 ,
593 543 643 594 ff
665 537 933 606 Imperatori
954 536 1157 586 Romano
1189 529 1401 598 cognitus
1420 566 1436 586 ,
1470 526 1518 575 in
1523 523 1624 592 fide

337 612 534 680 pretium
551 608 793 676 servitutis
814 646 827 668 ‚
869 602 983 671 quod
1005 601 1098 669 fibi
1133 596 1217 648 tali
1236 598 1362 664 sbrte
1382 593 1625 659 superatus

341 678 567 731 intulerat
590 716 605 736 ,
636 672 879 740 suppliciis
910 671 1142 733 imperatae
1177 662 1334 713 mortis
1371 657 1627 724 exfhlzerin·

343 748 459 810 Quo
483 745 636 793 furore
653 782 666 804 ,
692 740 791 808 ipso
814 755 1002 806 quoque
1027 733 1241 783 libertatis
1264 728 1471 797 periculo
1490 763 1502 785 ,
1529 724 1625 773 talis

342 813 430 864 suis
454 851 467 873 ‚
503 809 542 859 le
566 811 645 876 jeu
678 807 756 857 des
787 804 959 873 offelets
981 841 998 862 ,
1036 801 1195 850 ludant
1219 790 1512 846 Canadenses
1538 803 1630 858 p0··'

383 881 444 928 uli
468 890 726 926 memorant
747 873 800 923 P.
821 872 877 921 de
903 869 1186 918 Charlevoix
1208 903 1221 925 ,
1250 865 1343 911 loc.
1365 863 1440 909 cit.
1467 857 1627 906 Lettre

342 900 524 1004 {VIR
564 959 677 1009 pag.
714 948 802 988 261
828 975 844 998 ,
889 942 935 984 &
984 935 1033 983 P.
1068 931 1251 982 Lafitau
1277 968 1290 990 ‚
1329 926 1510 975 Moeurs
1549 921 1628 972 des

342 1012 585 1075 Sauvages
611 1003 903 1057 Ame'ricains
924 1041 939 1061 ,
971 1001 1116 1050 Tom.
1141 997 1184 1046 II
1205 1037 1216 1058 ‚
1250 1012 1361 1061 pag.
1387 1009 1500 1057 340.
1650 1036 1652 1045 ,

411 1074 614 1142 Alligari
635 1073 688 1138 se
720 1088 772 1120 ac
803 1067 962 1120 venire
990 1066 1180 1131 patitur.
1225 1063 1342 1111 Non
1376 1062 1438 1108 ita
1465 1057 1653 1104 mirum1

347 1145 411 1194 est
446 1142 711 1192 Germanos
741 1177 753 1198 ,
799 1136 892 1184 ludi
927 1133 1082 1182 furore
1119 1132 1246 1179 21&oe
1269 1168 1282 1190 ,
1321 1124 1651 1174 voluntariam‘

343 1210 599 1260 servitutem
650 1203 803 1255 adiiffe
839 1221 853 1265 3
909 1199 1016 1249 cum
1042 1239 1055 1261 ,
1111 1197 1254 1246 multa
1294 1194 1396 1260 post
1437 1189 1629 1248 saecula,

345 1276 453 1327 iicet
486 1277 649 1341 religio
679 1268 918 1321 acceffiffet
942 1307 955 1329 ‚
987 1260 1334 1329 humanitasque
1356 1275 1495 1325 atque
1515 1251 1652 1320 opes,¹

345 1341 567 1393 auxissent
587 1380 599 1402 ,
636 1340 848 1386 homines
879 1336 1073 1400 ingenui
1104 1339 1148 1379 &
1181 1330 1266 1378 suae
1299 1328 1464 1375 mentis
1498 1324 1651 1371 com-¹

348 1426 482 1476 potes
499 1448 511 1468 ,
539 1405 582 1455 se
602 1405 686 1471 ipfi
708 1402 985 1460 venderent,
1018 1407 1061 1447 &
1083 1397 1280 1445 servituti
1299 1393 1632 1455 manciparent.

349 1476 460 1539 Qua
493 1475 549 1522 de
578 1491 626 1520 re
657 1474 774 1520 inter
812 1484 983 1517 veteres
1011 1464 1252 1514 Formulas
1278 1500 1290 1520 ‚
1327 1458 1542 1507 solemnis
1570 1453 1639 1501 est¹

348 1541 572 1590 Formula
609 1536 704 1586 IX.
766 1533 990 1586 Venditio
1036 1531 1091 1578 de
1123 1526 1395 1592 semetipso:
1441 1522 1632 1590 qualiter

343 1608 493 1657 homo
535 1605 647 1653 liber
687 1600 1007 1650 venumdetur.
1083 1594 1283 1645 Domino
1317 1590 1494 1656 semper
1537 1589 1650 1656 meo.

346 1673 425 1724 illo
457 1674 525 1723 N.
570 1669 669 1737 Ego
694 1667 771 1718 ille
798 1666 864 1716 N.
903 1661 1091 1713 Placuit
1121 1660 1268 1719 mihi,
1303 1655 1534 1723 utstatum
1560 1652 1650 1701 in-²

343 1737 604 1808 genuitatis
628 1753 737 1784 meae
765 1738 814 1784 in
840 1730 1031 1798 vestrum
1055 1727 1259 1777 deberem
1286 1717 1633 1783 obnoxiareser-

348 1807 523 1858 vitium.
545 1800 682 1870 Quod
703 1801 770 1849 ita
793 1797 842 1847 ἓν
852 1797 965 1859 feci.
989 1793 1120 1845 Unde
1140 1789 1291 1853 accepi
1313 1806 1338 1837 a
1358 1804 1400 1836 te
1415 1787 1630 1850 pretium,

349 1874 402 1924 in
421 1870 534 1938 quod
555 1867 662 1917 mihi
688 1865 799 1915 bene
826 1861 1090 1926 complacuit
1108 1855 1312 1924 ,solidos
1337 1869 1526 1912 tantos;
1563 1851 1639 1900 im-

348 1957 403 1988 ut
441 1937 498 1986 ab
543 1933 762 1984 hodierna
799 1929 870 1979 die
911 1926 1120 1994 quicquid
1159 1924 1214 1974 de
1250 1939 1318 1970 me
1339 1920 1470 1984 servo
1513 1920 1630 1976 tuo‘,

336 2004 462 2073 ficut
493 2002 547 2051 de
579 1999 753 2064 reliqua
790 1995 1021 2058 mancipia
1061 2008 1139 2042 tua
1180 1987 1416 2057 (Bm-bare*
1458 1985 1636 2045 ,dicim

350 2090 441 2139 pro
478 2068 531 2118 de
565 2065 750 2129 reliquis
783 2061 1025 2123 mancipiis
1058 2057 1185 2117 tuis)
1210 2054 1373 2118 facere
1403 2049 1628 2108 volueris,

351 2156 383 2187 a
425 2135 497 2186 die
540 2132 761 2198 praejente
805 2128 995 2178 liberam
1036 2124 1201 2175 habeas
1242 2118 1514 2185 potestatem.
1569 2112 1639 2171 Em

353 2202 471 2269 quod
489 2200 601 2268 fieri
626 2217 717 2247 non
749 2194 879 2246 credo
903 2233 918 2254 ,
935 2192 984 2260 st
1005 2190 1153 2255 fuerit
1183 2186 1275 2238 ulla
1306 2183 1508 2252 quislibet
1528 2191 1629 2246 pei?-

337 2270 460 2337 ana
487 2267 561 2334 qui
593 2280 750 2314 contra
776 2261 893 2311 hanc
917 2257 1249 2313 venditionem,
1284 2269 1413 2318 quam
1433 2267 1513 2317 ego
1534 2244 1628 2298 med

339 2333 599 2403 fivontaned
621 2330 854 2380 voluntate
864 2325 974 2392 fieri
1002 2323 1159 2390 rogavi
1182 2360 1198 2382 ,
1235 2320 1308 2386 qui
1342 2332 1502 2367 contra
1533 2322 1627 2364 eam

353 2400 526 2467 aliquid
560 2415 695 2465 agere
731 2393 781 2444 Cr
819 2390 1088 2442 calumniam
1116 2402 1339 2454 generare
1367 2380 1626 2438 conaverit,

353 2466 468 2518 illud
495 2506 509 2526 ‚
546 2463 658 2530 quod
680 2460 844 2523 repetit
863 2497 879 2518 ,
917 2475 1008 2506 non
1027 2454 1266 2513 vindicet,
1302 2450 1352 2500 ἓν
1375 2450 1534 2498 contra*
1557 2442 1626 2494 cui

353 2535 479 2584 litem
510 2529 716 2582 intulerit
740 2567 755 2587 ,
802 2524 901 2575 auri
939 2523 1059 2572 libra
1095 2538 1186 2570 una
1214 2558 1231 2578 ,
1277 2514 1457 2584 argenti
1486 2509 1643 2577 pondoj

354 2601 548 2670 quinque
580 2595 754 2648 coaetus
786 2590 984 2660 exsolvat
1004 2607 1026 2651 ,-
1068 2588 1118 2641 &²
1151 2586 1249 2637 haec
1276 2580 1476 2634 venditio
1486 2577 1626 2646 firma
1640 2594 1649 2640 Ie
