1663 2958
294 188 415 256 276
506 181 586 237 IN
636 178 939 238 L1BRUM
983 197 1066 238 DE
1115 178 1480 245 Mormnus

296 295 470 329 nomen
496 278 753 325 Suevorum
780 277 974 325 intulere
993 317 1006 340 ,
1043 280 1165 328 unde
1190 283 1430 347 regionem
1454 281 1587 336 han&
1642 297 1645 360 l

1567 368 1569 370 ·
1644 356 1652 384 l

290 345 442 394 adhuc
479 343 671 390 dicimus
709 341 752 390 Ζα
782 341 950 391 Suabe.

359 409 402 458 F
402 407 478 458 ida
501 406 735 457 Romanis.
765 408 905 456 Tunc
924 409 1014 458 fida
1038 429 1052 472 3
1078 413 1236 476 postea
1256 430 1361 461 cum
1384 412 1587 461 Marco*
1643 382 1646 455 l

294 477 479 526 mannis
517 472 706 541 aliisque
748 474 996 524 Germanis
1042 478 1256 526 adversus
1296 479 1536 527 Romanos
1561 492 1590 540 2¹.

292 543 365 591 M.
391 541 571 589 Aurelii
597 579 609 600 ‚
644 543 722 606 qui
750 559 828 588 eos
854 544 989 602 vicit,
1016 546 1306 609 principatu,
1336 544 1587 610 conspirav-

294 625 414 659 vere.
455 607 578 657 Vide
605 606 862 672 Capitolin.
885 610 932 656 in
959 608 1106 657 Marc.
1133 610 1294 660 Aurel.
1312 609 1476 659 XXII.

359 672 568 723 Colonia.
609 673 817 739 Augusta
857 675 1214 726 Vindelicorum
1238 717 1251 738 ‚
1292 694 1418 724 nunc
1449 676 1591 726 Ans-‘-

293 741 438 806 bourg
462 779 477 799 ,
513 739 867 805 splendidiffima
898 742 1085 790 colonia
1113 745 1363 808 provinciae
1394 742 1593 804 Raetiae3

295 808 423 870 cujus
449 823 557 854 tunc
583 825 689 871 pars
716 824 809 856 erat
834 808 1115 858 Vindelicia.

361 872 478 921 Sine
523 872 710 938 custode.
754 873 835 923 Ob
880 892 1045 939 pacem
1086 881 1130 922 &
1168 872 1431 923 societatem
1469 886 1590 923 cunt

294 939 521 987 Romanis
549 941 811 988 incustoditi
837 957 966 990 erant
995 941 1198 990 transitus
1224 947 1268 989 &
1295 941 1387 990 fine
1411 942 1593 1008 pretio.
1647 938 1650 996 ζ

295 1004 420 1058 Vide
454 1004 585 1071 supra
613 1005 733 1054 Hist.
759 1005 846 1066 IV,
870 1014 947 1066 65.

361 1072 474 1121 Non
515 1071 943 1135 concupiscentibus,
983 1070 1087 1119 Has
1114 1089 1226 1137 opes
1254 1070 1588 1121 Romanorum
1648 1075 1649 1125 ξ

292 1151 434 1205 atque
465 1137 649 1186 delicias
683 1156 780 1186 non
812 1136 1198 1204 concupiscebant
1229 1137 1548 1187 Hermunduri
1567 1175 1590 1201 3,

290 1203 378 1253 suis
417 1206 636 1253 contenti.

366 1267 499 1319 Albis
545 1271 700 1322 oritur.
751 1271 849 1321 Hic
894 1288 1012 1321 errat
1050 1274 1247 1339 graviter
1286 1270 1508 1331 Tacitus,
1546 1268 1580 1318 fi

294 1335 474 1385 fontem
496 1336 629 1403 Egrae
650 1377 662 1398 ,
681 1337 843 1404 Z'Eger
859 1377 874 1396 ,
895 1341 971 1406 qui
990 1342 1037 1387 in
1062 1336 1402 1386 Hermunduris
1423 1339 1580 1397 oritur,

293 1419 400 1450 cum
441 1402 568 1452 fonte
601 1405 760 1463 Albis,
794 1403 941 1453 l‘Elbe
964 1443 979 1463 ,
1013 1408 1091 1469 qui
1120 1421 1215 1453 erat
1241 1405 1365 1470 apud
1386 1404 1582 1453 Marco-

291 1486 492 1517 mannos
535 1473 583 1518 in
629 1470 825 1518 Boiemo
851 1509 865 1530 ‚
918 1469 962 1518 la
1007 1469 1199 1519 Βοὴέῑηε
1233 1509 1250 1529 ,
1303 1470 1581 1519 confuderit.
1650 1501 1651 1507 κ

293 1535 529 1602 Inclytum
577 1538 764 1601 quidem
805 1537 917 1583 olim
950 1553 1003 1583 ac
1042 1552 1204 1583 notum
1242 1535 1374 1584 Albis
1408 1538 1580 1583 flumen
1650 1547 1651 1600 ἐ

290 1600 430 1649 Drufi
449 1641 461 1662 ‚
487 1601 663 1652 Tiberii
686 1640 697 1661 ,
728 1602 926 1648 Domitii
956 1603 1156 1648 victoriis
1179 1619 1193 1662 3
1225 1617 1295 1661 at,
1322 1601 1399 1649 diu
1418 1604 1466 1648 in
1489 1601 1580 1648 hoc
1650 1635 1651 1650 2

291 1666 558 1715 Germaniae
594 1668 816 1732 penetrali
842 1666 1072 1716 silentibus
1099 1668 1227 1715 bellis
1250 1706 1262 1728 ,
1290 1667 1452 1716 Romae
1478 1683 1580 1715 tan-

290 1731 388 1781 nim
431 1733 554 1782 fama
597 1734 877 1782 audiebatur.
941 1733 1055 1782 Inde
1092 1737 1141 1781 in
1187 1733 1412 1800 signando
1447 1734 1583 1782 Albis

289 1798 418 1848 fonte
450 1799 557 1849 Geo
598 1801 805 1864 raphicas
827 1800 1159 1849 Romanorum.
1185 1802 1358 1848 tabulas
1388 1800 1582 1851 minime

295 1883 529 1915 accuratas
562 1817 690 1914 {uisse
726 1867 914 1914 videtur.
969 1864 1109 1913 Forte
1151 1883 1302 1914 tamen
1335 1865 1582 1915 Hermun-

293 1933 432 1993 duri,
478 1931 580 1980 crim
623 1934 671 1979 in
716 1935 912 1981 exercitu
961 1932 1243 1980 Marobodui
1286 1932 1585 1993 militassent,

295 1997 421 2047 sedes
451 2016 670 2063 accepere
703 2000 750 2046 in
781 2000 834 2047 ea
863 2015 991 2064 parte
1019 1999 1198 2046 Boiemi
1219 2036 1231 2058 ,
1262 2000 1311 2045 in
1334 2000 1424 2065 qua
1446 1999 1580 2049 Albis

295 2067 453 2112 oritur.
499 2064 638 2112 Tunc
664 2065 812 2113 nullus
838 2064 954 2112 foret
975 2063 1128 2113 Taciti
1159 2081 1285 2112 error
1303 2102 1316 2124 ‚
1347 2081 1396 2112 ut
1425 2064 1584 2114 videre

291 2131 357 2177 est
389 2131 510 2195 apud
537 2130 761 2179 eruditum
781 2129 1040 2179 E‘ccardum
1056 2170 1068 2192 ,
1105 2129 1159 2179 de
1182 2129 1337 2180 Rebus
1362 2128 1582 2181 Franciae

294 2195 587 2256 Orientalis‚
624 2195 767 2247 Tom.
799 2198 855 2256 I,
890 2214 999 2263 pag.
1026 2216 1071 2255 7.

362 2261 558 2311 Tantum
583 2261 783 2312 auditur.
803 2262 938 2313 Olim
952 2302 965 2324 ‚
985 2263 1241 2312 victricibus
1255 2263 1577 2313 Romanorum

291 2331 430 2377 armis
454 2368 467 2389 ,
506 2346 667 2378 notum
691 2349 700 2377 :
737 2347 860 2379 nunc
882 2368 894 2389 ‚
922 2331 1281 2395 praepotentibus
1308 2328 1580 2378 Germano-

292 2412 396 2443 rum
436 2396 565 2444 rebus
591 2435 603 2456 ‚
649 2394 772 2444 fama
811 2395 988 2446 tantum
1033 2396 1224 2446 auditur.
1283 2395 1413 2448 Vide.
1445 2393 1585 2461 supra.

293 2462 471 2509 Annal.
492 2462 579 2523 IV,
612 2480 690 2522 44.

358 2588 484 2639 CAP.
514 2591 672 2641 XLII.
723 2593 929 2657 Naristi.
975 2594 1099 2644 Inter
1135 2595 1490 2644 Hermunduros
1526 2597 1573 2642 δι

288 2649 651 2714 Marcomannos
678 2658 803 2714 fuere
829 2660 1009 2717 Naristi
1030 2700 1048 2731 ὃ
1082 2663 1160 2715 ubi
1189 2678 1315 2715 nunc
1334 2659 1485 2731 Rani&
1516 2658 1574 2726 de}
