1700 2984
308 173 387 232 24
497 156 569 215 C.
618 155 1048 213 CORNELII
1094 154 1396 214 TAciTx

299 255 473 340 ¹patris
501 303 517 328 ,
558 252 652 311 seu
697 252 1036 335 propinqui,
1087 253 1260 334 quam
1306 257 1583 318 amicitias

306 336 520 398 neceffe
577 337 651 394 est
698 360 710 393 :
775 359 879 396 nec
928 336 1310 420 implacabiles
1359 341 1579 401 durant.

305 423 505 482 Luitur
555 420 711 479 enim
766 422 937 480 etiam
990 422 1369 481 homicidium
1424 445 1578 484 certo

302 526 693 566 armentorum
719 528 779 563 ac
813 527 1080 586 pecorum
1109 528 1349 566 numero
1374 553 1392 579 ,
1439 509 1578 567 reci-

297 591 494 672 pitque
543 585 979 649 satisfatstionem
1026 588 1279 648 universa
1329 590 1532 650 domus
1563 616 1578 649 ε

299 675 513 733 utiliter
535 674 594 732 in
619 673 950 754 publicum3
995 674 1125 755 quia
1160 672 1581 756 periculosiores

295 757 422 817 sunt
448 758 754 817 inimicitiae
777 764 928 838 juxta
952 757 1290 819 libertatem.
1324 759 1578 817 Convic-

298 843 446 902 tibus
490 851 546 902 δε
589 839 841 925 hospitiis
884 866 1002 901 non
1044 841 1150 901 alia
1187 864 1322 924 gens
1359 839 1579 903 effufius

295 926 574 1009 indulget.
590 928 1031 1006 Quemcumque
1049 926 1376 985 mortalium
1390 948 1576 987 arcere

295 1015 446 1069 teoto
473 1058 489 1083 ,
533 1007 689 1069 nefas
717 1010 954 1070 habetur
986 1034 998 1067 ε
1041 1032 1141 1092 pro
1171 1008 1397 1069 fortuna
1425 1008 1578 1090 quis-

294 1117 406 1175 que
443 1095 712 1176 apparatis
747 1093 921 1175 epulis
955 1094 1173 1175 excipit.
1233 1092 1388 1152 Cum
1420 1089 1578 1154 defe-

295 1200 421 1237 cere
441 1225 456 1250 ‚
477 1177 575 1257 qui
599 1176 774 1235 modo
795 1175 991 1260 hospes
1007 1174 1186 1236 fuerat
1202 1224 1219 1249 ,
1243 1178 1577 1236 monstrator

293 1261 598 1344 hospitii&
619 1284 809 1321 comes
824 1308 841 1334 ,
863 1261 1178 1344 proximam
1197 1260 1439 1319 domum
1460 1283 1578 1320 non

290 1345 515 1404 invitati
538 1343 749 1405 adeunt
773 1369 785 1402 ε
820 1368 920 1405 nec
945 1346 1201 1404 interest:
1234 1344 1353 1427 pari
1378 1344 1577 1426 huma-

291 1430 468 1489 nitate
494 1430 857 1512 accipiuntur.
903 1430 1123 1488 Notum
1153 1428 1532 1510 ignotumque
1557 1476 1576 1501 ,

290 1533 570 1594 quantum
600 1513 672 1572 ad
697 1520 780 1593 jus
804 1512 1029 1595 hospitii
1050 1557 1069 1582 ,
1102 1535 1274 1570 nemo
1293 1511 1576 1573 discernit.=

288 1596 546 1656 Abeunti
573 1643 590 1670 ‚
633 1596 672 1655 fi
702 1595 843 1676 quid
870 1595 1183 1678 poposcerit
1207 1643 1224 1666 ‚
1261 1596 1580 1657 concedere.

290 1681 465 1740 moris
493 1705 504 1738 ε
543 1689 599 1741 &
627 1679 892 1762 poscendi
919 1680 1169 1738 invicem
1199 1679 1401 1739 eadem
1435 1677 1579 1739 faci-¹

287 1765 430 1824 litas,
477 1765 748 1824 Gaudent
775 1763 1135 1823 muneribus:
1178 1760 1275 1822 sed
1305 1785 1409 1822 nec
1443 1762 1582 1824 data·

284 1849 568 1931 imputant
593 1896 610 1921 ‚
654 1871 757 1907 nec
782 1848 1020 1928 acceptis
1048 1845 1389 1926 obligantur.

374 1933 569 1992 XXII.
615 1933 695 1992 V1
714 1953 847 1990 cTU
870 1954 892 1990 s
926 1931 1071 1990 inter
1095 1928 1339 2012 hospites
1372 1930 1569 1990 comis.

285 2016 489 2075 Statim
538 2039 568 2076 e
616 2014 817 2075 somno
847 2062 863 2087 ,
907 2038 1082 2095 quem
1127 2012 1463 2096 plerumque
1506 2015 1568 2076 in

285 2101 443 2161 diem
469 2100 767 2159 extrahunt
784 2147 800 2171 ,
830 2098 1083 2158 lavantur
1101 2145 1116 2169 ,
1140 2096 1328 2180 saepius
1354 2096 1567 2171 calida,

284 2205 347 2243 ut
382 2183 530 2266 apud
566 2206 706 2263 quos
740 2182 1054 2260 plurimum
1094 2181 1275 2241 hiems
1313 2202 1565 2263 occupat.

281 2269 449 2327 Lauti
475 2316 492 2341 ‚
532 2267 726 2326 cibum
751 2267 976 2347 capiunt
1003 2291 1016 2325 z
1058 2264 1313 2348 separatae
1340 2263 1567 2346 fingulis

284 2350 480 2423 sedes,
533 2359 591 2412 &
639 2349 733 2410 sua
776 2352 978 2431 cuique
1024 2347 1230 2409 mensa.
1291 2350 1447 2407 Tum
1490 2348 1565 2408 ad

283 2435 512 2515 negotia
529 2482 545 2506 ,
575 2457 677 2494 nec
698 2435 881 2493 minus
903 2433 1037 2515 saepe
1058 2432 1128 2491 ad
1152 2431 1407 2491 convivia
1430 2455 1565 2514 pro-

282 2518 492 2578 cedunt
521 2519 739 2579 armati.
785 2519 963 2577 Diem
996 2521 1338 2598 noCtemque
1374 2516 1566 2575 conti-

283 2625 451 2663 nuare
476 2603 727 2687 potando
746 2649 765 2677 ,
803 2602 944 2665 nulli
971 2599 1260 2685 probrum.
1295 2599 1559 2671 Crebrae,⁴

1492 2701 1557 2748 ῑὶί
