1663 2958
250 182 809 247 GERMANoRuM
857 185 1102 247 Nom-25.
1213 192 1327 247 181

42 276 252 333 thabitari
271 284 396 350 poffe
418 284 698 333 crederemus
718 323 730 344 ‚
753 303 780 334 a
797 288 1031 334 nonnullis
1050 283 1328 337 antehabita.

64 347 230 398 Fateor
252 389 264 411 ,
295 350 545 416 gratiffimae
566 349 666 397 sunt
690 350 806 398 Afiae
825 388 838 410 ,
870 350 1036 400 Africae
1051 390 1064 412 ,
1096 352 1328 418 Italiaeque

44 412 202 463 sedes.
235 416 300 463 At
321 432 472 481 neque
490 416 636 462 statim
661 417 873 463 florentes
893 415 1016 464 fuere
1036 455 1049 477 ‚
1076 414 1150 465 sed
1174 417 1296 466 lente
1311 455 1328 479 ‚

61 481 316 546 vigentibus
342 482 543 545 imperiis
559 518 572 540 ,
607 486 652 527 &
674 481 829 529 adulto
852 483 978 530 luxu.
1002 482 1220 531 Praeterea
1241 500 1329 531 nec

59 546 194 595 illaeta
213 543 466 594 Germania
487 584 500 607 ‚
517 563 603 593 nec
623 543 706 593 suis
728 563 848 595 caret
868 548 1124 596 commodis
1146 568 1155 596 ε
1182 552 1330 597 immo

61 612 167 659 viris
187 614 429 679 virtutique
449 610 686 676 aptiffima.
717 611 852 660 Adde
871 631 967 661 non
988 616 1133 663 statim
1152 616 1332 662 reli6³tas

46 677 186 726 :sedes
210 678 445 726 laetissimas
465 716 479 739 ‚
510 693 556 726 ut
578 678 790 727 tristiores
812 695 1144 744 occuparentur
1171 700 1181 727 :
1216 678 1289 728 sed
1311 711 1330 736 ,

65 745 181 792 utin
212 743 465 792 Germania
485 782 497 805 ,
533 744 589 791 de
615 744 700 811 quai
727 761 851 792 nunc
872 747 1049 811 agitur,
1078 747 1298 794 immorer
1315 783 1330 805 ,

59 809 171 858 ‘Afia
188 848 201 870 ,
236 809 498 858 hominibus
531 809 640 857 foeta
661 848 675 869 ,
702 809 906 874 primum
927 813 975 858 in
997 810 1233 877 Scythiam
1256 810 1332 860 ef·-

4 918 7 921 .
61 874 192 923 fiisa:
225 876 413 943 Scythia
451 879 501 924 in
537 878 873 924 conterminam
905 875 1246 925 Germaniam:
1278 892 1332 925 ac

46 940 95 990 -fi
120 941 230 1009 quid
248 941 425 990 decessit
448 942 701 1008 voluptati,
730 946 924 993 accrevit
946 942 1215 992 humanitati
1236 980 1249 1004 ,
1281 957 1332 991 ut

61 1022 159 1058 toto
186 1007 277 1056 hoc
299 1008 415 1056 libro
442 1008 836 1057 demonstrabitur.

130 1072 418 1123 Carminibus
450 1074 663 1139 antiqui&
701 1073 937 1123 Omnibus
969 1089 1089 1123 retro
1125 1072 1293 1122 saeculis
1316 1090 1337 1132 ‚·

66 1145 112 1188 &
144 1140 268 1205 apud
301 1141 511 1189 barbaras
536 1157 696 1188 omnes
725 1157 883 1207 gentes
905 1179 918 1202 ‚
952 1157 1001 1189 ut
1030 1158 1086 1189 ex
1109 1139 1335 1188 Americae

62 1207 252 1273 populis
283 1207 417 1255 nobis
446 1206 595 1256 adhuc
626 1223 945 1271 compertum,
983 1206 1103 1255 idern
1134 1205 1216 1253 fuit
1238 1221 1335 1253 car-

62 1274 243 1319 minum
269 1271 367 1320 usus
389 1311 402 1333 ,
442 1272 602 1321 eadem
635 1274 817 1323 utilitas,
860 1272 1058 1321 Carolus
1094 1271 1298 1337 Magnus
1322 1307 1337 1329 ,

66 1338 177 1385 teste
199 1336 467 1403 Eginhardo
487 1376 501 1399 ,
533 1340 582 1385 in
605 1338 699 1400 ejus
725 1338 816 1387 vitii
839 1376 852 1398 ‚
886 1355 987 1402 cap.
1018 1355 1076 1394 29
1099 1375 1112 1397 ‚
1145 1335 1338 1385 barbara

61 1400 120 1452 (τ’
145 1403 438 1469 antiquiffima
469 1403 675 1452 carmina
701 1441 717 1464 ,
756 1403 914 1469 quihus
943 1418 1144 1452 veterum
1179 1416 1337 1476 regum

59 1468 186 1519 astus
214 1469 264 1518 ξα-
293 1468 409 1519 bella
444 1469 717 1519 canebantur
740 1507 757 1530 ,
778 1467 960 1536 scripfic
981 1507 998 1532 ,
1027 1483 1337 1533 memoriaeque

55 1533 309 1585 mandavit.

129 1599 394 1667 Tuistonem.
409 1600 584 1649 Utrum
597 1600 832 1649 Tuistonis
854 1600 1045 1648 nomine
1064 1600 1198 1648 lateat
1214 1599 1308 1648 Dei
1323 1613 1343 1661 ,“

60 1683 214 1716 rerum
232 1670 443 1715 omnium
459 1667 731 1727 conditoris,
758 1667 1014 1726 memoria3
1044 1664 1337 1731 Mannusque

63 1732 229 1782 referat
251 1733 324 1781 vel
346 1732 501 1781 Adam
519 1771 533 1793 ,
568 1732 754 1800 ejusque
777 1748 863 1781 tres
884 1730 1003 1780 filios
1028 1732 1150 1781 Cain
1171 1771 1184 1793 ‚
1214 1732 1338 1781 Abel

65 1805 113 1846 δε
136 1799 247 1847 Seth
263 1833 277 1854 ‚
312 1801 385 1846 vel
405 1798 515 1847 Noe
536 1804 580 1846 &
601 1800 695 1861 ejus
716 1799 883 1846 liberos
906 1835 918 1857 ‚
948 1798 1056 1846 Sem
1076 1836 1089 1857 ,
1117 1798 1271 1847 Cham
1290 1804 1338 1846 δε

61 1864 266 1930 Japhet:
302 1881 360 1913 an
386 1863 548 1912 Tuisto
570 1902 584 1926 ‚
621 1880 670 1914 ut
703 1864 831 1913 senfit
865 1863 939 1912 Cl.
964 1863 1219 1913 Leibnitius
1239 1903 1252 1924 ‚
1287 1863 1339 1914 fit

61 1931 158 1997 ipse
177 1931 300 1980 Teut
316 1970 329 1992 ‚
356 1948 432 1979 aut
449 1931 667 1980 Teutates
685 1969 700 1992 ,
729 1929 977 1980 Gallorum
995 1928 1340 1996 Hispanorum-

99 2015 155 2046 ue
175 1999 296 2046 cultu
316 2004 360 2046 &
381 1998 502 2047 fama
528 1998 844 2047 celeberrimus
863 2037 875 2059 ‚
905 1997 951 2045 id
969 1998 1035 2055 est,
1053 2015 1129 2045 rex
1151 1995 1342 2047 herosve

63 2015 205 2114 gesto
229 2094 256 2102 -
277 2064 480 2130 Scytha,
524 2068 601 2133 qui
641 2082 861 2132 magnam
901 2063 1019 2112 Afiae
1055 2069 1101 2110 &
1139 2062 1339 2129 Europae

46 2147 241 2198 ‘partem
279 2134 416 2180 armis
451 2134 775 2197 occupaverit,
814 2132 1152 2196 hominumque
1186 2147 1340 2178 mores

56 2198 360 2258 formaverit,
392 2201 526 2247 variis
559 2200 755 2264 agitatur
779 2196 1152 2263 disputationibus
1176 2234 1189 2256 ‚
1226 2212 1340 2263 quas

64 2283 165 2313 non
200 2267 262 2314 est
292 2266 478 2314 instituti
509 2265 650 2312 nostri
685 2263 818 2312 fufius
846 2261 1072 2329 persequi.

133 2330 336 2397 Quidam
358 2346 517 2381 autem.
550 2331 680 2379 Duas
704 2332 822 2380 inter
841 2331 943 2378 illas
967 2327 1212 2376 sententias
1240 2343 1342 2375 me·-

61 2397 190 2445 'diam
210 2399 424 2462 protulit,
452 2405 497 2446 &
520 2399 725 2464 quinque
744 2399 950 2465 gentium
972 2398 1121 2461 capita
1139 2391 1341 2443 recenset

67 2462 241 2511 Plinius
272 2465 366 2525 IV,
408 2483 480 2524 14.
545 2466 874 2515 Germanorum
911 2479 1083 2527 genera
1125 2460 1338 2524 quinque.

68 2527 124 2581 V
122 2528 251 2578 indili
278 2569 292 2593 ‚
329 2548 508 2594 quorum
547 2546 656 2592 pars
697 2527 1043 2596 Burgundiones
1068 2566 1084 2586 ,
1127 2524 1333 2589 Varini,

63 2593 270 2655 Carini,
312 2596 557 2645 GutroneS.
610 2593 819 2645 Alterum
847 2612 993 2662 genus
1030 2593 1297 2659 Ingaevones
1317 2627 1338 2651 ,

63 2677 244 2728 quorum
272 2679 382 2729 pars
421 2660 594 2716 Cimbri
623 2700 641 2732 θ
683 2660 912 2729 Teutoni,
952 2678 1006 2713 ac
1052 2659 1337 2712 Chaucorum
