1663 2958
313 171 431 247 386
631 162 727 219 IN
789 159 1272 219 D1AL0GUM

376 262 609 316 Lucilium
637 276 719 324 pro
754 256 962 306 Horatio.
1005 253 1324 318 Quintilianus
1348 291 1362 314 ,
1396 250 1600 319 Institor}

314 332 453 384 Orat.
488 330 573 389 X,
615 345 655 376 1.
710 323 922 375 Lucilius
963 321 1169 388 quosdam
1208 321 1275 369 ira
1312 317 1485 369 deditos
1500 317 1598 385 fibi

310 398 461 450 adhuc
486 395 618 447 habet
645 407 871 443 amatores
891 427 908 450 ,
949 404 996 438 ut
1017 406 1116 437 eum
1137 404 1229 436 non
1255 385 1446 452 ejusdem
1467 385 1597 450 modo

313 464 493 528 operis,
516 460 603 528 sed
626 457 829 509 omnihus
846 457 993 520 poetis
1006 453 1228 518 praeferre
1255 470 1345 501 non
1375 451 1599 501 dubitent.

309 532 415 599 Ego
436 529 654 596 quantam
672 525 727 575 ab
750 523 863 586 illis,
888 524 1068 572 tantam
1088 520 1140 570 ab
1160 519 1352 570 Horatio
1373 518 1597 584 distentio,

313 599 388 666 qui
412 598 647 646 Lucilium
670 594 810 641 fluere
831 591 1104 640 lutulentum
1122 626 1134 648 ,
1177 585 1227 637 ὓ
1259 585 1349 635 effe
1383 585 1560 653 aliquid
1582 624 1599 647 ,

311 664 442 735 quod
476 665 637 714 tollere
670 659 807 727 possis
827 697 841 720 ,
870 672 1020 721 putat.
1067 654 1195 705 Nam
1232 652 1282 702 [2⁴
1315 651 1508 703 eruditio
1546 652 1600 701 irz

313 750 364 783 eo
385 731 501 781 mira
524 771 540 791 ‚
576 728 626 780 Cr
662 726 851 777 libertas
873 765 887 787 ,
925 739 1059 789 atque
1091 719 1198 771 inde
1229 718 1458 770 acerbitas
1481 757 1497 778 ‚
1542 716 1596 768 ἓν

313 797 491 850 abunde
497 796 634 864 salis,
671 792 824 843 Multo
843 790 901 859 est
917 790 1072 858 terfior
1094 804 1146 838 ac
1165 802 1309 851 purus
1327 785 1477 853 magis
1497 784 1600 835 Ho-

315 865 495 926 ratius,
530 862 580 914 Cr
602 860 660 912 ad
680 857 906 911 notandos
923 856 1150 908 hominum
1168 870 1310 904 mores
1323 851 1602 916 proecipuus.

381 930 647 983 Lucretium
673 945 755 991 pro
782 923 996 991 Virgilio.
1041 923 1212 990 Neque
1239 919 1389 970 adhuc
1411 919 1599 968 Lucre-

316 1002 465 1050 tianus
500 999 578 1046 ille
614 995 745 1044 favor
783 993 966 1059 penitus
998 989 1246 1040 intercidit.
1299 987 1354 1034 In
1389 987 1598 1053 plurimis

317 1065 507 1134 quidem
539 1064 711 1113 eminet
743 1060 984 1110 Lucretius
1004 1097 1018 1121 ‚
1052 1072 1099 1106 at
1126 1059 1177 1105 in
1211 1053 1425 1102 omnibus
1454 1051 1600 1101 ferme
1657 1046 1662 1051 ’

310 1132 404 1187 „Vir
441 1132 561 1180 ilius.

384 1149 563 1265 ffufidii
599 1192 756 1261 Baffi‚
798 1206 881 1243 aut
919 1187 1111 1240 Servilii
1146 1185 1376 1239 Noniani.
1416 1185 1494 1235 De
1528 1184 1600 1234 his

319 1266 497 1315 duobus
525 1264 721 1313 historiae
751 1258 1042 1327 scriptoribus
1072 1255 1419 1321 QuintilianuS,
1452 1251 1604 1318 Instit-

320 1333 457 1384 Orat.
478 1331 528 1380 X
545 1370 557 1392 ‚
598 1349 639 1379 1.
674 1327 900 1378 Servilius
920 1324 1172 1377 Nonianus
1193 1358 1207 1374 .
1230 1358 1241 1371 .
1263 1357 1275 1370 .
1296 1320 1385 1386 ipse
1415 1335 1444 1368 a
1473 1317 1602 1368 nobis

318 1399 505 1451 auditus
523 1397 606 1464 est,
628 1395 741 1444 clari
766 1395 837 1445 vir
863 1391 1072 1460 ingenii,
1096 1387 1405 1455 &sententiis
1426 1385 1600 1448 creber,

300 1465 390 1535 sed
408 1465 559 1515 minias
574 1461 762 1527 preffiw,
778 1463 909 1526 qua‘m
927 1457 1118 1522 historice
1135 1455 1381 1504 anelontem
1393 1452 1602 1518 postulas.

318 1533 508 1600 Quam,
535 1527 738 1593 paullum
761 1540 898 1577 cerate
913 1521 1178 1588 praecedens
1201 1538 1297 1570 eum
1323 1519 1481 1585 Baffics
1501 1521 1604 1568 Au·-

303 1598 458 1670 fidius
477 1637 492 1660 ‚
530 1593 712 1664 egregie*
734 1632 750 1655 ,
781 1592 932 1653 utique
956 1590 1003 1639 in
1031 1587 1160 1638 libris
1180 1585 1283 1636 belli
1306 1583 1606 1642 Germanici‚·

315 1664 528 1733 praestitit
550 1703 565 1724 ,
593 1677 764 1729 genere
793 1659 880 1725 ipso
907 1654 1156 1721 probabilis
1182 1654 1231 1703 in
1258 1649 1462 1702 omnibus
1482 1689 1494 1711 ‚
1517 1648 1605 1715 sed

320 1734 371 1784 in
399 1729 658 1798 quibusdam
674 1725 779 1792 suis·
811 1724 900 1791 ipse
928 1721 1103 1774 viribus
1128 1721 1291 1771 minor.
1313 1719 1390 1767 De
1409 1718 1604 1768 Servilio

318 1800 550 1850 Noniano
592 1797 727 1863 plura
762 1793 865 1843 vide
902 1788 1035 1858 supro}
1074 1788 1250 1838 Annal.
1283 1785 1394 1847 VI,
1434 1802 1511 1851 3¹·
1556 1790 1603 1832 &

318 1866 459 1925 XIV,
501 1881 574 1920 19.
1648 1880 1653 1884 »

385 1931 593 1996 Sisennae
611 1942 691 1977 aur
711 1922 959 1978 Varronis.
973 1921 1261 1981 Varronem,
1278 1919 1602 1968 Romanorum

320 1996 665 2048 eruditissimum
687 2033 699 2054 ‚
735 2009 875 2039 nemo
907 2007 1004 2036 non
1035 1989 1181 2036 novit.
1217 1985 1438 2046 Sisenna,
1477 1983 1602 2032 idem

322 2067 386 2114 est
409 2105 423 2126 ,
460 2064 518 2112 de
557 2080 652 2128 quo
692 2058 1007 2123 Quintilianus
1033 2092 1048 2113 ‚
1088 2051 1235 2116 Instit.
1279 2052 1412 2103 Orat.
1449 2049 1473 2097 I
1497 2088 1512 2112 ,
1555 2064 1605 2109 ς.

323 2131 523 2196 Sisenna
554 2127 674 2178 dixit
696 2165 711 2185 ‚
746 2123 945 2191 affenrio.
972 2128 1016 2169 &
1035 2119 1188 2180 VIII,
1222 2136 1265 2184 3.
1300 2115 1523 2169 Caecilius
1546 2132 1604 2165 ac

322 2198 519 2262 Sisenna
553 2196 689 2261 primi
724 2193 904 2251 dixere,
939 2187 1108 2237 albenti
1137 2183 1259 2236 coelo.
1297 2186 1457 2234 Paucis
1491 2178 1602 2231 vero

321 2263 523 2315 Sisennae
550 2262 757 2310 indolem
788 2255 996 2322 expressit
1014 2254 1181 2303 Cicero
1205 2291 1216 2313 ‚
1246 2253 1301 2301 de
1322 2254 1451 2301 claris
1474 2248 1605 2299 Ora·

323 2333 494 2383 toribus
510 2370 522 2392 ,
541 2347 644 2395 cap.
664 2335 740 2385 64.
759 2323 817 2374 L.
836 2323 1033 2388 Sisenna
1049 2362 1062 2381 ‚
1085 2319 1235 2370 donus
1253 2319 1325 2370 vir
1341 2359 1355 2380 ,
1377 2315 1604 2384 &studiis
1627 2324 1629 2326 ’

319 2399 501 2463 optimis
536 2395 718 2446 deditus
749 2430 765 2454 ‚
810 2391 921 2440 bene
969 2388 1109 2438 latine*
1158 2387 1343 2448 loquens
1361 2423 1378 2444 ,
1418 2398 1602 2451 gnarus

318 2463 578 2529 reipublicae
603 2503 618 2524 ,
653 2477 742 2510 non
758 2455 863 2526 fine
884 2454 1077 2520 facetiis
1098 2474 1114 2503 .·
1135 2451 1221 2519 fied
1258 2469 1398 2518 neque
1429 2447 1633 2500 laboris·-

319 2530 451 2584 mulri
474 2570 490 2591 ‚
533 2547 617 2580 nec
633 2527 759 2595 saris
787 2526 993 2591 versatus
1028 2521 1077 2571 in
1111 2518 1274 2587 causis.

383 2598 426 2647 F
425 2596 682 2651 abalantes.
707 2594 851 2647 Bene.
874 2591 1000 2644 Nam
1019 2608 1117 2639 non
1137 2587 1331 2638 orabant
1345 2624 1361 2649 ‚
1379 2582 1452 2635 sed
1472 2581 1604 2637 fabu÷
1618 2584 1633 2636 ῤ’

316 2664 543 2718 labantur.
