1663 2958
187 204 189 206 -
277 184 389 242 372
586 158 678 218 IN
738 160 1246 220 DrAroouM

331 256 686 309 SEPTIMIUS
734 255 923 306 GETA
957 296 970 319 ,
1025 257 1129 306 etim
1170 258 1390 325 Princeps
1432 257 1554 321 fuit,
1633 297 1641 302 ,

268 327 563 392 congiarium
609 342 709 372 non
750 324 873 372 dedit
897 341 976 385 ,a
1015 324 1151 373 fratre
1190 323 1269 372 suo
1301 326 1553 375 Antonino

271 391 515 443 Caracalla
535 389 662 439 brevi
684 393 1003 457 interemptus.
1047 390 1253 440 Dederat
1277 391 1382 440 ante
1402 430 1415 452 ‚
1445 394 1555 441 vivo
1651 392 1655 396 ’

268 476 401 528 patre
430 458 660 522 Septimio
689 457 860 506 Severo
882 495 895 518 ,
936 475 964 506 a
988 475 1083 525 quo
1110 476 1216 506 curn
1241 460 1377 506 fratre
1402 457 1481 506 suo
1504 461 1554 507 in
1608 472 1610 475 ·

268 526 454 591 imperii
483 523 746 573 societatem
775 522 1036 590 adsumptus
1063 523 1225 573 fuerat.
1265 524 1424 573 Testes
1451 523 1555 573 sunt

271 592 454 641 nummi
502 606 598 638 tum
649 589 782 638 Getae
805 630 817 650 ‚
868 607 965 639 tum
1015 590 1268 639 Caracallae
1292 630 1306 651 ,
1352 590 1558 656 inscripti

271 656 716 710 LIBERALITAS
759 655 976 708 AVGG.
1018 656 1089 708 VI
1130 656 1219 705 ET
1263 656 1326 706 V.
1369 657 1416 705 id
1452 659 1516 705 est
1542 696 1557 718 ,

274 723 535 775 liberalitas
573 721 874 790 Augustorum
900 726 1038 789 sexta
1077 721 1127 773 ff
1171 721 1330 787 quinta
1368 743 1384 771 .·
1438 721 1561 772 sexta

274 791 529 841 Caracallae
544 829 557 850 ,
579 807 626 839 ut
645 808 698 838 ex
716 791 809 839 alio
831 791 926 853 ejus
946 807 1140 837 nummo
1160 791 1365 850 constat,
1397 792 1561 857 quinta

278 857 430 908 Getae.
490 857 725 906 Nummos
772 857 875 905 vide
914 856 1038 922 apud
1071 855 1365 904 Harduinum
1393 894 1407 917 ,
1445 856 1562 906 ibid.

277 943 392 992 pao.
420 928 511 982 807
546 930 590 971 &
613 924 690 991 seq
729 957 741 969 .
778 930 822 971 δε
848 922 924 973 Cl.
946 923 1002 971 de
1025 924 1152 973 Boze
1172 961 1185 984 ‚
1226 925 1305 989 qui
1335 921 1564 988 supplevit

280 967 660 1044 Dii'sertationem
690 941 770 1040 21,
793 988 1002 1041 Vaillant
1023 1028 1038 1052 ‚
1067 990 1159 1049 loc.
1186 991 1261 1038 cit.
1287 1006 1400 1056 pag.
1418 1006 1530 1052 247.

343 1121 762 1174 ANTONINVS
831 1121 1257 1174 CARACALLA
1329 1119 1567 1189 congiaria

275 1188 408 1239 'dedit
453 1189 666 1240 denarios
706 1188 1044 1256 quadringenos
1067 1229 1084 1254 ,
1132 1189 1326 1240 Gallicae
1367 1205 1565 1239 monetae

276 1258 417 1305 libras
456 1275 543 1321 311
571 1296 584 1317 ‚
619 1254 709 1304 Ms-
743 1256 1023 1309 Vindobon.
1086 1256 1142 1304 In
1187 1258 1388 1305 nummis
1433 1272 1568 1305 nona

278 1323 534 1372 Caracallae
551 1323 796 1372 liberalitas
816 1338 1098 1372 memoratur
1110 1362 1123 1384 ‚
1139 1324 1244 1372 teste
1258 1322 1334 1372 Cl.
1350 1322 1406 1370 de
1422 1322 1565 1384 Boze,

278 1391 373 1437 loc.
395 1393 470 1439 cit.
499 1408 609 1456 pag.
636 1407 745 1448 247.
777 1390 895 1438 Non
919 1389 1046 1455 quod
1069 1409 1240 1439 novem
1270 1389 1562 1438 liberalitates

281 1456 457 1505 dederit
488 1456 710 1521 Princeps
745 1455 988 1505 Caracalla
1011 1493 1024 1516 ‚
1066 1454 1142 1503 sed
1164 1453 1293 1522 quod
1314 1472 1442 1503 nona
1463 1455 1514 1504 fit
1534 1472 1562 1506 a

279 1524 434 1588 prima
448 1561 460 1582 ‚
486 1539 627 1588 quam
646 1521 830 1570 dederat
848 1538 977 1586 pater
994 1522 1091 1583 ejus
1106 1522 1357 1586 Septimius
1370 1520 1564 1570 Severus

279 1606 410 1636 anno
440 1587 582 1636 Urbis
607 1586 801 1635 conditae
824 1602 1187 1636 Decccxrvln.
1226 1587 1302 1635 Sic
1326 1589 1451 1635 enim
1477 1605 1563 1636 ex-

277 1654 488 1721 plicandi
521 1654 634 1703 mihi
667 1653 876 1702 videntur
905 1655 1085 1701 nummi
1120 1669 1216 1702 tum
1240 1653 1432 1714 Severi,
1466 1670 1563 1703 tum

282 1720 487 1769 filiorum
517 1722 613 1783 ejus
640 1719 891 1769 Caracallae
918 1727 963 1768 &
985 1718 1116 1770 Getae
1135 1759 1149 1783 ‚
1175 1737 1294 1788 quos
1317 1719 1421 1771 vide
1439 1719 1563 1788 apud

279 1786 583 1848 Harduinum
611 1788 703 1835 loc,
734 1789 811 1837 cit.

351 1916 712 1969 MACRINUS
745 1917 1024 1985 congiarium
1051 1917 1176 1969 dedit
1203 1917 1420 1968 denarios
1452 1935 1565 1969 cen-

283 2001 416 2038 tenos
446 1984 785 2062 quinquagenos
802 2024 817 2045 ,
850 1984 1044 2061 Gallicae
1066 2002 1262 2035 monetae
1280 1987 1414 2035 libras
1445 2003 1463 2034 1
1478 1994 1535 2035 16
1551 2025 1566 2050 ,

281 2052 395 2168 {⁴512
402 2050 1418 2186 {3230113031123‘hffssssn?}{{}sffnz1n{iss²}·‚
1448 2071 1563 2169 ῗέἐξ

285 2185 365 2238 Cl.
381 2187 438 2236 de
461 2185 588 2234 Boze
603 2223 617 2245 ,
648 2185 741 2233 loc.
763 2187 838 2233 cit.
861 2202 976 2253 pag.
999 2204 1109 2245 247.

348 2315 766 2367 ANTONINUS
815 2315 1271 2369 ELAGABALUS
1323 2316 1566 2382 congiaria

282 2382 413 2434 ’ᾶεάὶτ
454 2383 665 2433 denarios
709 2383 907 2433 ducenos
952 2386 1292 2450 quinquagenos
1314 2422 1327 2443 ,
1368 2381 1562 2432 Gallicae

285 2467 482 2501 monetae
514 2450 649 2498 libras
679 2468 770 2510 194
794 2490 807 2511 ‚
844 2450 935 2513 ΜΓ.
961 2450 1238 2502 Vindobon.
1281 2450 1337 2497 In
1359 2451 1561 2498 nummis

287 2533 374 2566 tres
409 2517 691 2565 celebrantur
720 2520 814 2580 ejus
849 2518 1154 2567 liberalitates.
1193 2515 1317 2567 Vide
1343 2533 1560 2564 nummos

287 2584 411 2647 apud
431 2583 726 2632 Harduinum
741 2623 755 2647 ,
781 2584 890 2637 ibid.
907 2601 1021 2655 pag.
1042 2588 1068 2633 8
1081 2602 1150 2656 κά.
1173 2589 1216 2633 &
1237 2581 1314 2638 Cl.
1334 2581 1389 2634 de
1403 2581 1564 2644 ΒοΖθ,Δ

288 2648 380 2699 loc.
400 2653 474 2704 cit.
498 2667 610 2721 pag.
631 2667 748 2720 243·
