1663 2958
414 198 1042 261 AGRICOLA.
1293 206 1360 278 83

32 378 35 379 ⁷
99 291 295 359 firmus
322 300 555 362 adverfis
577 347 594 371 ‚
630 298 850 358 dimisso
880 322 1026 381 equo
1052 297 1228 382 pedes.
1241 323 1368 362 ante

100 383 301 445 vexilla
331 383 588 443 constitit.

182 467 460 526 XXXVI.
500 465 588 523 Ac
612 464 796 545 primo
834 465 1120 547 congressu
1149 467 1369 528 eminus

101 547 440 608 certabatur:
484 547 642 605 simul
678 548 978 605 constantia
1001 597 1018 621 ‚
1058 549 1219 608 simul
1252 572 1367 612 arte

97 631 383 704 Britanni,
410 629 729 712 ingentibus
754 629 952 712 gladiis
973 678 991 703 ‚
1028 639 1085 690 ὃς
1110 632 1370 694 brevibus

97 714 261 773 cetris
298 761 315 786 ,
363 714 580 772 miflilia
627 715 941 772 nostrorum
992 714 1166 773 vitare
1203 764 1220 788 ‚
1278 717 1369 776 vel

97 817 352 856 excutere
373 843 389 869 ,
427 819 594 878 atque
635 796 734 879 ipfi
772 817 1040 879 magnam
1071 798 1189 856 vim
1224 799 1368 857 telo-

95 902 222 938 rum
251 876 686 962 superfundere:
725 879 905 939 donec
942 879 1211 963 Agricola
1257 899 1366 941 tre-‘s

93 965 433 1023 Batavorum
455 964 739 1036 cohorteS,
762 987 822 1022 ac
843 965 1210 1046 Tungrorum
1234 964 1368 1025 duas

96 1047 414 1106 cohortatus
447 1049 521 1107 est
544 1095 561 1120 ,
602 1068 663 1106 ut
706 1070 826 1107 rem
863 1046 934 1105 ad
970 1069 1265 1106 mucrones
1303 1072 1365 1108 ac

97 1152 295 1189 manus
314 1130 656 1190 adducerent
675 1155 687 1188 ι
711 1130 866 1212 quod
881 1129 1074 1210 &ipsis
1100 1132 1368 1193 vetustate

94 1211 310 1271 militia:
337 1215 696 1273 exercitatum
720 1262 736 1286 ,
770 1223 828 1274 δέ
851 1214 1093 1272 hostibus
1117 1214 1369 1275 inhabile

94 1312 259 1377 parva
272 1294 421 1355 scuta
437 1306 494 1357 ὃς
513 1319 768 1356 enormes
786 1296 1000 1378 gladios
1014 1298 1334 1377 gerentibus
1353 1322 1366 1357 z

92 1400 226 1437 nam
277 1381 676 1438 Britannorum
721 1379 893 1462 gladii
934 1377 1046 1439 fine
1092 1402 1366 1442 mucrone

92 1461 453 1543 complexum
489 1479 815 1536 armorum,
858 1471 916 1523 δε
961 1463 1021 1521 in
1067 1467 1216 1522 arcto
1263 1480 1370 1546 pu-

90 1562 261 1628 gnam
299 1570 413 1606 non
450 1547 780 1607 tolerabant.
829 1547 1007 1629 Igitur
1030 1593 1046 1618 ,
1086 1568 1146 1606 ut
1172 1549 1367 1607 Batavi

93 1626 324 1702 :miscere
378 1630 516 1689 id'cus
548 1670 565 1702 -,
618 1628 782 1688 ferire
835 1629 1179 1689 umbonibus
1211 1679 1228 1702 ,
1269 1649 1366 1690 ora

91 1709 304 1773 foedare
327 1760 344 1785 ‚
383 1721 440 1772 δε
477 1715 660 1773 tractis
683 1761 700 1785 ,
736 1712 834 1792 qui
863 1714 923 1770 in
950 1735 1106 1793 aequo
1136 1714 1368 1774 obstite-

90 1810 256 1868 rant,
293 1796 504 1878 erigere
551 1797 609 1854 in
655 1796 825 1854 colles
875 1797 1057 1855 aciem
1101 1820 1362 1879 coepere3

88 1900 282 1939 ceterae
317 1880 572 1940 cohortes
596 1927 612 1952 ,
654 1878 1008 1938 aemulatione
1048 1888 1105 1939 δε
1145 1880 1366 1963 impetu

93 1959 395 2021 commistae
424 2011 440 2035 ,
490 1963 772 2045 proximos
817 1961 1067 2043 quosque
1116 1964 1370 2024 caedere:

85 2069 154 2105 ac
181 2043 431 2127 plerique
456 2041 759 2107 semineces
779 2092 795 2119 ,
826 2067 920 2106 aut
945 2047 1184 2128 integri,
1224 2046 1370 2106 festi-

90 2130 318 2199 natione
345 2130 582 2189 victori-ce
608 2130 1083 2211 relinquebantur.
1127 2131 1368 2189 Interim

93 2213 352 2294 equitum
372 2233 565 2282 turmae
582 2212 775 2295 fugere
789 2262 804 2285 ,
828 2214 1093 2272 covinarii
1111 2213 1373 2296 peditum

95 2287 150 2355 se
180 2297 381 2378 proelio
409 2293 706 2358 miscuere:
734 2307 790 2358 δέ
813 2318 1161 2379 quamquam
1185 2312 1375 2357 recen2¹

96 2398 215 2439 tem
258 2401 531 2441 terrorem
569 2381 872 2441 intulerant
899 2426 916 2453 ³
963 2379 1141 2440 densis
1182 2401 1375 2440 tamen

95 2455 341 2522 hostium
371 2467 684 2548 agminibus
706 2513 721 2539 ,
753 2474 810 2525 &
840 2463 1200 2544 inaequalibus
1240 2463 1378 2523 locis

98 2546 377 2606 haerebant
399 2573 411 2606 :
437 2549 784 2629 minimeque
811 2549 1072 2629 equestris
1097 2567 1160 2608 ea
1178 2569 1376 2631 pugnae

97 2624 268 2696 facies
298 2653 414 2695 erat
434 2681 451 2707 ,
487 2632 621 2696 cum
645 2655 784 2716 aegre
813 2632 911 2693 diu
933 2632 1131 2701 stantes
1160 2680 1176 2704 ,
1215 2625 1377 2691 simul

1021 2717 1183 2798 va
