1663 2958
376 151 1010 233 AonxcorA.
1255 198 1328 254 71

62 251 410 313 exercituum
449 264 521 328 ¹&
564 259 808 320 Romani
856 270 1101 333 nominis
1151 273 1329 355 gloria

62 357 343 418 pateretur
361 385 378 408 ‚
414 338 668 400 inventus
691 344 746 405 in
772 346 885 426 ipsa
906 353 1189 415 Britannia
1215 380 1327 418 tera»

64 420 268 483 minus,
311 421 458 476 Nam
491 421 661 481 Clota
689 434 748 484 δε
777 430 1044 495 Bodotria
1066 486 1083 510 ‚
1130 441 1327 503 diversi

65 503 232 561 maris
247 501 452 564 aestibus
471 526 567 584 per
589 506 928 575 immensum
951 527 1207 597 revestae,
1231 550 1328 585 an-

63 585 217 665 gusto
251 604 518 643 terrarum
552 585 726 670 spatio
757 594 1131 666 dirimuntur:
1169 610 1326 689 quod

58 687 183 730 tum
208 666 474 749 ‚praesidiis
516 669 838 736 firmabatur
875 706 887 738 :
933 706 1100 765 atque
1140 696 1328 755 omnis

59 750 283 842 Propior
306 749 446 810 sinus
475 756 767 816 tenebatur
788 809 803 832 ‚
851 762 1146 829 summotis
1174 776 1327 843 velut

59 853 121 898 m
155 831 321 890 aliam
355 833 590 895 insulam
625 840 884 910 hostibus,

140 915 362 975 XXIV.
395 920 641 993 quNTo
678 929 1101 1017 expeditionum
1136 961 1325 1020 anno,

56 1018 198 1063 nave
240 1000 420 1082 prima
465 1004 812 1087 transgressus
839 1061 855 1085 ‚
895 1015 1112 1096 ignotas
1148 1024 1219 1082 ad
1261 1026 1324 1085 id.

57 1101 276 1162 tempus
308 1105 499 1164 gentes
535 1091 738 1150 crebris
769 1094 929 1155 simul
960 1124 1020 1159 ac
1053 1105 1326 1189 prosperis

57 1164 263 1245 proeliis
299 1167 557 1228 domuit:
593 1195 829 1256 eamque
861 1204 1077 1262 partem
1102 1190 1325 1251 Britan-

56 1246 158 1304 niae
179 1293 194 1317 ‚
230 1271 348 1327 quae
378 1252 710 1315 Hiberniam
741 1260 928 1344 aspicit
955 1313 971 1337 ,
1010 1272 1182 1352 copiis
1210 1275 1323 1334 ins-

54 1329 223 1395 truxit
247 1376 264 1400 ,
304 1332 361 1388 in
389 1331 542 1415 spem
569 1342 745 1422 magis
767 1392 783 1416 ‚
821 1348 990 1425 quam
1016 1354 1092 1411 ob
1117 1354 1324 1418 formi-

54 1410 284 1470 dinem:
313 1413 587 1496 fiquidem
616 1424 888 1487 Hibernia
909 1478 926 1502 ‚
960 1436 1154 1497 medio
1175 1441 1324 1502 inter

50 1743 230 1804 usibus
255 1748 551 1813 miscuerit.
589 1759 836 1837 Spatium
861 1773 976 1844 ejus
993 1815 1010 1839 ,
1041 1769 1077 1833 fi
1096 1775 1319 1836 Britan-

46 1828 150 1885 niae
179 1852 530 1913 comparetur
553 1885 568 1908 ‚
607 1846 880 1924 angustius
901 1897 917 1920 ,
955 1855 1122 1913 nostri
1150 1862 1318 1925 maris

47 1910 246 1970 insulas
268 1912 499 1997 superat.
539 1921 732 1983 Solum
763 1930 1070 2015 caelumque
1089 1987 1106 2011 ,
1143 1950 1199 2002 ὃς
1228 1945 1319 2003 in·-

47 1995 212 2074 genia
241 1998 526 2081 cultusque
562 2005 863 2071 hominum
890 2015 1038 2079 haud
1065 2025 1313 2088 multum

44 2100 78 2136 a
108 2079 391 2140 Britannia
417 2084 686 2151 differunt
710 2119 721 2151 ε
755 2097 954 2159 melius
979 2105 1159 2165 aditus
1183 2132 1317 2191 por-

44 2159 239 2243 tusque
290 2188 389 2247 per
435 2177 776 2237 commercia
829 2190 886 2241 δε
938 2192 1317 2268 negotiatores

47 2248 276 2327 cogniti.
317 2251 587 2332 Agricola
610 2261 894 2342 expulsum
912 2265 1184 2335 seditione
1212 2278 1316 2338 do-=

43 2330 267 2389 mestica
288 2356 459 2393 unum
485 2360 549 2396 ex
570 2344 769 2424 regulis
791 2351 971 2428 gentis
988 2375 1274 2441 exceperat
1291 2410 1310 2436 ,

44 2433 107 2468 ac
152 2412 328 2495 specie
374 2421 630 2483 amicitiae
677 2428 735 2486 in
782 2433 1128 2498 occasionem
1173 2447 1310 2504 reti-

43 2494 231 2556 nebat.
288 2502 433 2581 Saepe
469 2526 533 2562 ex
567 2530 634 2566 eo
671 2513 899 2589 audivi,
937 2518 1160 2603 legione
1200 2528 1312 2589 unav

40 2584 102 2637 ὃς
132 2580 366 2644 modicis
401 2588 612 2652 auxiliis
646 2593 915 2661 debellari
948 2605 1310 2694 obtinerique
