1663 2958
149 231 155 234 ’
213 207 527 272 DrAtoous
571 232 642 268 DE
685 210 1117 270 ORATomBUs.
1220 233 1333 288 107

64 327 254 395 poetas
288 311 609 370 intermittis
634 356 649 379 ,
685 317 741 368 δε
770 332 877 391 ego
900 359 916 382 ,
950 312 1038 369 cui
1064 309 1336 371 desidiam

69 395 500 453 advocationum
525 392 721 470 objicis
743 438 759 462 ,
796 395 1193 473 quotidianum
1226 395 1337 455 hoc

67 476 436 559 patrocinium
457 473 828 533 defendendae
849 476 1106 536 adversus
1129 499 1182 538 te
1204 502 1338 560 poe-

67 561 183 618 ticae
211 580 457 617 exerceo,
494 559 626 631 Quo
653 556 805 614 laetor
829 561 1006 640 magis
1029 609 1049 632 ‚
1080 560 1340 621 oblatum

69 641 228 699 nobis
265 640 550 720 judicem,
595 640 692 719 qui
729 663 822 699 me
859 643 948 700 vel
984 644 1041 700 in
1083 642 1338 704 futurum

67 745 217 784 vetet
237 722 418 782 versus
439 720 619 781 facere
641 769 658 793 ‚
679 722 767 781 vel
788 769 803 792 ,
825 725 978 802 quod
994 727 1338 808 jampridem

69 828 202 889 opto
222 854 237 878 ‚
276 805 366 864 sua
393 828 619 885 quoque
647 808 973 866 auctoritate
1001 810 1338 889 compellat,
1372 861 1377 862 γ

66 911 126 950 ut
154 888 358 947 omissis
387 887 690 947 forenfium
722 888 1006 949 causarum
1037 893 1293 973 angustiis
1317 939 1338 964 ,

67 975 126 1032 in
168 972 368 1053 quibus
412 972 537 1030 satis
586 973 729 1030 mihi
766 972 1037 1056 superque
1076 974 1338 1035 sudatum

69 1058 174 1128 est,
201 1054 531 1114 sanctiorem
557 1055 714 1114 istam
736 1065 790 1116 δέ
816 1059 1189 1139 angustiorem
1219 1058 1341 1119 elo-

69 1139 362 1221 quentiam
403 1139 603 1196 colam.

155 1224 227 1283 V.
262 1224 383 1280 EGO
412 1224 543 1280 vero
567 1269 582 1292 ‚
624 1220 808 1300 inquit
835 1225 1108 1280 Secundus
1133 1270 1148 1294 ,
1186 1245 1339 1293 ante-r

63 1328 234 1386 quam
254 1327 346 1362 me
363 1304 613 1383 judicem
632 1303 783 1383 Aper
807 1304 1017 1363 recuset
1041 1351 1056 1376 ‚
1093 1304 1294 1365 faciam
1315 1354 1336 1379 ‚

63 1387 217 1469 quod
239 1387 400 1470 probi
424 1396 482 1446 δε
506 1387 742 1445 modesti
769 1387 984 1466 judices
1018 1387 1196 1448 solent
1217 1437 1233 1461 ‚
1275 1411 1339 1449 ut

65 1473 123 1531 in
140 1472 222 1528 his
241 1470 655 1551 cognitionibus
672 1467 725 1527 se
746 1469 1002 1530 excusent
1019 1519 1034 1543 ,
1059 1472 1118 1530 in
1133 1473 1336 1553 quibus

69 1552 424 1613 manifestum
446 1555 520 1610 est
538 1602 553 1625 ‚
574 1552 807 1611 alteram
833 1554 979 1634 apud
1002 1578 1095 1613 eos
1120 1577 1339 1638 partem

69 1638 241 1720 gratia
269 1636 576 1716 praevalere.
629 1636 772 1710 Quis
806 1638 960 1694 enim
997 1637 1203 1711 nescit,
1242 1662 1343 1699 ne-

65 1721 283 1779 minem
325 1719 466 1776 mihi
507 1719 950 1796 c01ijun6tiorem
989 1719 1095 1780 effe
1136 1731 1191 1782 ἃ*
1236 1721 1338 1782 usu

67 1804 324 1862 amicitiae
361 1849 377 1872 ‚
438 1810 494 1860 ὃς
548 1800 876 1861 adsiduitate
932 1805 1287 1864 contubernii
1321 1852 1337 1874 ,

69 1886 236 1967 quam
279 1885 523 1944 Saleium
562 1884 779 1942 Baffum
812 1933 828 1956 ‚
875 1885 1004 1944 cum
1051 1889 1336 1969 optimum

70 1964 251 2028 Virum
294 2016 309 2039 ,
370 1989 492 2026 tum
548 1966 1008 2027 absolutiffimum
1066 1977 1341 2051 poetam?

71 2074 241 2136 porro
275 2051 312 2109 sl
358 2051 575 2133 poetica
619 2050 896 2110 accusatur
927 2100 947 2124 ,
994 2076 1110 2112 non
1165 2055 1341 2113 alium

72 2135 240 2195 video
279 2158 436 2193 reum
476 2134 921 2216 locupletiorem.
967 2138 1195 2196 Securus
1233 2137 1297 2196 fit
1323 2184 1345 2208 ‚

70 2219 254 2299 inquit
286 2222 436 2296 Aper
459 2265 474 2289 ,
518 2225 572 2276 &
603 2217 806 2276 Saleius
837 2217 1020 2276 Bassus
1044 2267 1059 2291 ,
1101 2230 1157 2279 ἅτ
1192 2219 1343 2300 quis-

73 2303 195 2382 quis
230 2302 365 2360 alius
398 2300 636 2358 studium
673 2302 899 2380 poeticae
934 2310 991 2360 &
1028 2305 1343 2362 carminum

78 2384 313 2466 gloriam
361 2382 517 2442 fovet
545 2429 561 2455 ‚
617 2382 747 2442 cum
796 2382 974 2442 causas
1019 2408 1182 2466 agere
1229 2410 1346 2446 non

80 2466 253 2549 possit.
286 2469 402 2548 Ego
426 2468 577 2525 enim
600 2515 616 2538 ‚
641 2488 912 2545 quatenus
939 2469 1209 2528 arbitrum
1236 2469 1347 2528 litis

82 2552 242 2625 hujus
291 2550 531 2620 inveni,
575 2572 691 2607 non
746 2552 960 2630 patiar,
1013 2553 1346 2612 Maternum

79 2631 340 2697 societate
366 2631 610 2718 plurium
636 2631 867 2696 defendi
893 2659 905 2695 :
946 2633 1040 2695 sed
1076 2643 1133 2694 ὃς
1165 2634 1349 2719 ipsum

996 2719 1140 2803 Evj
