1700 2984
412 133 1084 194 GERMANIAJ
1300 121 1390 188 *ιμ’

52 229 67 285 ’-
119 234 370 299 frontem
393 233 505 316 agit
530 255 540 288 ε
568 249 669 286 nec
690 223 823 283 velis
844 220 1219 280 ministrantur
1236 260 1252 285 ‚
1279 236 1386 273 nec

122 343 307 382 remos
347 319 405 376 in
446 312 708 372 ordinem
746 304 1006 364 lateribus
1049 300 1381 379 adjungunt.

123 405 377 464 Solutum
407 442 423 468 ‚
466 415 525 454 ut
561 394 621 451 in
660 385 994 470 quibusdam
1037 382 1336 441 fluminum
1365 426 1385 452 ,

119 497 178 549 &
204 479 471 543 mutabile
495 525 510 549 ,
540 495 600 534 ut
624 495 706 532 res
735 469 938 553 poscit,
965 467 1094 525 hinc
1116 464 1205 524 vel
1226 462 1384 521 illine

115 567 441 647 remigium.
467 562 552 619 Est
574 555 720 639 apud
745 552 869 611 illos
886 560 942 611 ὃ(
957 548 1154 629 opibus
1177 548 1384 606 honos:

117 651 299 731 eoque
327 666 465 705 unus
491 639 775 723 imperitat
798 683 815 708 ,
854 632 1018 693 nullis
1045 636 1160 711 jam
1188 651 1387 711 excep-

115 731 363 793 tionibus
381 776 398 801 ,
433 749 548 785 non
573 721 820 806 precario
839 725 957 799 jure
980 712 1244 796 parendi:
1277 734 1382 770 nec

116 838 269 876 arma
297 860 314 885 ,
368 831 428 869 ut
473 807 876 891 apudceteros
919 802 1234 858 Germanos
1260 840 1276 866 ‚
1321 795 1384 852 in

114 894 428 983 promiscuo
453 938 469 963 ‚
511 889 608 950 sed
651 884 829 946 clausa
874 881 972 940 sub
1013 877 1276 949 custode,
1319 884 1381 935 ὃς

114 981 349 1064 quidem
385 975 539 1035 servo
573 998 585 1032 ε
626 971 757 1051 quia
785 966 991 1026 subitos
1020 963 1262 1020 hostium
1292 958 1383 1016 in-

115 1062 295 1125 cursus
333 1057 590 1142 prohibet
632 1057 913 1113 Oceanus.
969 1043 1180 1105 Otiosae
1216 1064 1382 1125 porro

115 1165 459 1207 armatorum
478 1160 673 1197 manus
687 1133 846 1193 facile
864 1130 1179 1189 lasciviunt:
1205 1126 1385 1186 enim-

114 1231 247 1291 vero
274 1247 455 1305 neque
480 1220 734 1279 nobilem
758 1264 775 1288 ‚
818 1234 1002 1294 neque
1030 1213 1341 1292 ingenuum
1363 1255 1382 1281 ,

112 1332 184 1372 ne
220 1308 546 1368 libertinum
582 1301 817 1384 quidem
855 1296 1022 1356 armis
1062 1313 1383 1376 praeponere

112 1393 264 1476 regia
294 1390 500 1449 utilitas
530 1388 620 1445 est.

200 1475 389 1535 XLV.
421 1473 639 1530 TRANS
677 1463 908 1526 Suionas
935 1451 1090 1520 aliud
1123 1474 1277 1516 mare
1300 1453 1383 1539 pi-

111 1581 276 1643 grum
307 1603 322 1629 ‚
364 1578 425 1613 ac
468 1554 638 1635 prope
682 1550 1034 1613 immotum,
1071 1564 1185 1621 quo
1228 1539 1383 1621 cingi.

110 1641 374 1720 cludique
390 1657 661 1696 terrarum
679 1631 877 1690 orbem
894 1628 1022 1684 hine
1040 1624 1203 1682 fides:
1225 1621 1384 1703 quod.

111 1745 390 1785 extremus
411 1716 662 1777 cadentis
669 1722 784 1795 jam
798 1711 936 1770 Solis
952 1706 1137 1789 fulgor
1151 1707 1209 1762 in
1229 1726 1382 1764 ortus

106 1807 307 1867 edurat
331 1853 346 1877 ‚
392 1802 533 1860 adeo
569 1799 742 1857 clarus
766 1841 782 1866 ‚
825 1814 884 1852 ut
921 1790 1094 1849 sidera
1131 1788 1378 1847 heberet.

108 1893 323 1950 Sonum
360 1883 581 1966 insuper
620 1877 960 1959 emergentis
996 1871 1217 1942 audiri,
1260 1868 1378 1928 for-

107 1971 337 2052 masque
371 1968 610 2027 deorum
632 2011 649 2037 ,
686 1970 742 2022 &
773 1959 954 2019 radios
991 1955 1181 2038 capitis
1212 1952 1380 2035 aspici

112 2052 380 2140 persuasio
421 2049 629 2130 adjicit.
689 2044 830 2104 Illuc
872 2040 1041 2122 usque
1089 2042 1187 2116 (&
1224 2034 1378 2097 fama

110 2140 278 2214 vera)
313 2133 532 2194 tantum
576 2149 786 2188 natura.
838 2128 983 2207 Ergo
1023 2130 1137 2204 jam
1183 2119 1379 2178 dextro

111 2220 327 2281 Suevici
355 2217 523 2276 maris
559 2213 720 2272 litore
745 2210 1039 2270 AEstiorum
1072 2224 1263 2285 gentes
1302 2201 1380 2261 al-

112 2306 373 2364 luuntur:
420 2299 621 2380 quibus
653 2297 785 2354 ritus
815 2287 1142 2368 habitusque
1167 2282 1379 2345 Suevo-

113 2411 238 2448 rum
255 2434 270 2457 ‚
297 2385 486 2465 lingua
501 2378 829 2440 Britannicae
852 2373 1099 2456 propior.2
1123 2371 1374 2428 Matrem

114 2469 284 2531 desim
311 2485 640 2526 venerantur
664 2489 676 2521 ι
716 2459 928 2541 insigne
954 2453 1376 2539 superstitioni3‚

112 2553 321 2619 formas
365 2571 625 2632 aprorum
668 2546 892 2629 gestant.
954 2539 1023 2601 ld
1064 2561 1163 2622 pro
1209 2536 1381 2600 armis
