1663 2958
312 183 423 251 360
618 157 1239 222 INDIALOGUM

305 273 470 322 tunitas
498 303 511 327 ‚
554 272 876 329 argumentum
901 290 913 312 ,
956 255 1004 301 in
1043 247 1227 299 historia
1262 242 1577 310 praecipuumg

303 339 447 386 ferme
477 348 631 382 tamen
659 330 932 377 intentatum
953 355 967 379 ,
1000 319 1192 369 traC’tare
1211 328 1360 377 operae
1380 309 1579 375 pretium

303 405 382 453 est.

544 467 643 524 De
690 459 998 540 Congiariis
1046 452 1339 510 Romanis.

372 607 525 657 CUM
571 598 723 649 adhuc
765 592 1015 645 tenuiffima
1057 587 1178 636 foret
1221 600 1290 632 res
1332 579 1580 633 Romana,‘

307 675 488 741 congiis
526 666 786 720 frumenti,
831 663 926 711 vini
961 698 974 720 ‚
1020 656 1114 704 olei
1145 692 1158 714 ,
1204 652 1490 711 aliarumque
1531 639 1580 689 id

306 759 453 811 genus
474 753 624 786 rerum
639 772 653 795 ‚
671 749 771 800 quae
787 728 966 795 populo
988 721 1303 772 dividebantur
1315 752 1330 775 ,
1347 711 1580 778 publicam

307 812 502 878 gratiam
532 816 664 869 reges
735 797 910 845 uaefiere
932 833 944 854 ,
984 803 1250 852 nomenque
1281 781 1430 831 fecere
1463 792 1581 824 con-

305 877 478 945 giariis.
519 872 679 920 Ancus
741 865 912 912 liarcius
941 877 1017 907 rex
1049 856 1250 904 instituto
1284 845 1581 897 saluberrimo

307 945 407 993 usus
450 942 512 990 est
548 976 561 998 ‚
603 950 651 983 ut
700 931 873 981 tributis
916 925 1232 974 auetoritatem
1271 912 1536 965 conciliaret
1566 925 1580 953 z

305 1026 477 1077 atque,
512 1002 619 1053 cum
647 999 808 1048 salinas
842 995 1126 1049 institueret,
1148 984 1268 1051 salis
1300 977 1468 1030 modios
1493 973 1584 1039 sex

307 1075 431 1137 miile
454 1074 502 1122 in
530 1066 762 1134 congiario
786 1060 910 1112 dedit
928 1055 1086 1123 populo
1107 1092 1122 1113 ,
1157 1052 1278 1100 Plin.
1303 1042 1477 1096 XXXI
1497 1079 1510 1101 ,
1537 1056 1585 1098 7.

372 1140 571 1191 Publicae
590 1135 750 1183 laetitiae
773 1147 877 1197 pars
898 1127 1099 1175 maxima
1119 1117 1291 1183 semper
1314 1112 1440 1161 fuere
1462 1125 1585 1160 con-

308 1212 469 1278 giaria.
511 1205 571 1254 L.
606 1199 858 1256 Lucullus,
896 1195 993 1244 etim
1029 1186 1165 1239 rediit
1198 1201 1255 1234 ex
1291 1178 1401 1245 Asici
1440 1172 1586 1224 millia.

311 1275 473 1328 cadum
498 1272 594 1322 vini
618 1267 771 1317 Graeci
793 1304 805 1325 ‚
835 1263 884 1313 in
911 1253 1194 1324 congiarium
1222 1246 1369 1315 divisit
1395 1238 1588 1305 amplius

309 1358 488 1393 centum
510 1378 526 1398 ,
557 1337 678 1386 Plin.
701 1331 840 1392 XIV,
871 1347 941 1388 14.
972 1325 1191 1377 Veterem
1213 1332 1392 1365 morem
1414 1311 1588 1359 secutus

308 1411 457 1465 Julius
478 1402 628 1455 Caesar
644 1441 656 1462 ‚
677 1401 873 1447 difitator
890 1433 902 1454 ,
926 1389 1145 1454 triumphi
1168 1384 1229 1434 sui
1253 1382 1366 1431 cena
1389 1375 1587 1443 singulas

309 1475 498 1527 Falerni
521 1468 769 1534 amphoras
793 1503 805 1524 ,
845 1459 1047 1526 singulos
1073 1453 1183 1505 Chii
1208 1449 1345 1498 cados
1365 1484 1378 1505 ,
1407 1447 1457 1492 in
1489 1441 1586 1489 fin·-

314 1545 422 1610 gula
442 1537 656 1588 convivia
673 1531 908 1580 distribuit.
925 1524 1100 1574 Chium
1116 1518 1263 1567 adhuc
1280 1521 1322 1562 ὃ(
1335 1511 1587 1560 Falernum

312 1615 361 1660 in
383 1598 677 1672 Hispaniensi
699 1593 934 1660 triumpho
957 1588 1079 1638 dedit
1096 1625 1108 1647 ,
1124 1585 1245 1633 Plin.
1269 1578 1379 1629 ibid.
1397 1576 1591 1639 Quanta

316 1692 425 1728 tunc
445 1673 622 1728 laetitia,
643 1664 749 1715 crim
769 1660 970 1729 populus
985 1657 1224 1704 Romanus
1243 1688 1255 1706 ‚
1277 1663 1359 1714 per
1376 1641 1591 1693 convivia

314 1739 478 1792 divisus
505 1778 518 1801 ‚
552 1739 670 1785 inter
705 1731 861 1798 patriae
895 1720 1368 1788 triumphantiumque
1402 1707 1557 1758 laudes
1577 1743 1592 1766 ,

313 1810 440 1861 suam
479 1802 574 1872 ipse
617 1800 850 1851 fortunam
892 1793 1248 1852 felicitatemque
1299 1775 1555 1829 celebrabat
1577 1781 1591 1821 2

315 1878 382 1927 At
401 1876 674 1941 plerumque
693 1862 870 1932 perfida
891 1860 1121 1907 donorum
1152 1866 1327 1899 natura.
1363 1844 1420 1892 Et
1442 1842 1594 1895 Julius
1662 1853 1663 1883 l

321 1942 473 1995 Caesar
494 1979 506 2000 ,
543 1938 623 2005 qui
656 1936 763 1982 vitia
783 1924 1066 1991 'virtutesque
1097 1922 1143 1968 in
1175 1910 1445 1965 dominandi
1476 1922 1594 1956 artes

315 2022 544 2063 verterat,
583 2000 832 2067 congiariis
865 2007 1052 2062 quoque
1084 1984 1184 2034 usus
1220 1983 1295 2030 est.
1354 1977 1459 2026 Nec
1497 1976 1594 2037 jam

319 2078 439 2145 gulae
475 2071 647 2120 deliciis
668 2106 680 2128 ,
715 2064 790 2113 sed
811 2102 823 2124 ‚
860 2059 1022 2127 quibus
1053 2056 1117 2103 vis
1148 2052 1295 2109 acrior
1316 2078 1332 2102 ‚
1370 2060 1482 2092 auro
1515 2057 1596 2089 ar-

321 2156 560 2212 gentoque
591 2134 826 2202 publicam
866 2127 1116 2176 libertatem
1157 2117 1307 2184 fregit.
1367 2107 1596 2159 Eamdem

319 2215 443 2261 viam
483 2207 583 2256 iniit
620 2201 798 2249 felicior
832 2193 1078 2260 Augustus.
1144 2185 1221 2233 Ne
1262 2197 1364 2229 eam
1407 2173 1598 2244 quidem.

319 2278 583 2344 aspernatus
603 2270 664 2317 est
683 2265 895 2314 Tiberius
911 2300 922 2320 ,
949 2258 1132 2325 parcior
1155 2267 1304 2302 tamen
1323 2286 1334 2308 ,
1368 2246 1476 2311 quia
1497 2241 1599 2289 aliis

321 2340 549 2412 regnandi
569 2335 734 2387 artibus
759 2329 967 2380 validior.
1000 2322 1155 2372 Ceteri
1176 2314 1340 2366 deinde
1359 2310 1598 2373 Principes

321 2413 410 2460 hac
433 2409 505 2456 vizi
523 2409 650 2465 iere3
678 2401 754 2448 alii
774 2395 1069 2450 liberalitate,
1102 2389 1178 2435 alii
1204 2376 1530 2432 consuetudine
1551 2379 1598 2420 δε

322 2471 653 2546 prodigenti53
691 2468 766 2515 alii
803 2459 1019 2519 avaritia,
1054 2453 1157 2504 crim
1203 2451 1393 2507 clarent,
1427 2460 1474 2492 ut
1514 2457 1624 2488 au·-v

326 2543 480 2595 dacius
506 2539 732 2589 auferrent
754 2551 768 2595 3
801 2532 878 2579 alii
910 2522 1186 2576 necessitate:
1215 2515 1342 2584 plebs
1361 2513 1484 2562 enim
1503 2509 1601 2554 lar-

330 2609 577 2678 gitionibus
604 2600 800 2657 inescata
826 2637 840 2661 ‚
870 2589 1196 2649 insolescebat,
1233 2582 1366 2634 avida
1396 2578 1601 2640 semper,

325 2677 500 2744 semper
520 2689 676 2742 egens,

1657 2553 1663 2654 ξ4

1405 2709 1604 2775 Quanta
1620 2743 1625 2748 .
1656 2729 1663 2827 '1

1655 2829 1663 2958 l
