1700 2984
262 151 354 239 J3'6
461 155 533 214 C.
576 154 1010 214 Commu
1062 154 1367 214 TAc1T1'

257 254 600 337 'triumphati
637 254 815 335 magis
845 301 862 326 ,
912 252 1083 334 quam
1125 255 1258 314 victi
1299 255 1447 316 sunt.‘

354 338 697 398 XXXVIII.
736 338 955 397 NUNC
1001 338 1072 398 de
1114 339 1303 399 Suevis
1353 340 1554 404 dicene‘.

260 422 409 481 'dum
432 422 538 492 est,
569 442 814 501 quorum
835 444 952 479 non
980 444 1088 481 una
1109 468 1126 493 ,
1157 444 1219 481 ut
1243 425 1551 483 Cattorum

262 508 754 564 Tencterorumve
781 551 798 577 ,
842 527 1020 587 gens:
1069 512 1347 585 majorem
1391 507 1552 566 enim

259 588 586 647 Germanice
613 608 830 670 partem
859 588 1122 648 obtinent
1143 636 1158 659 ‚
1196 589 1429 671 propriis
1454 589 1554 655 ad-⁴

260 673 372 731 huc
415 672 741 731 nationibus
790 670 1229 753 nominibusque
1281 671 1505 731 discreti
1530 692 1555 746 ,’

257 779 614 836 quamquam
645 757 704 814 in
735 778 1042 815 commune
1068 759 1231 815 Saevi
1260 776 1548 815 vocentur.

260 838 484 922 Insigne
543 840 724 922 gentis
781 838 1073 920 obliquare
1127 839 1344 900 crinem
1375 886 1392 912 ,
1445 863 1553 898 no-

262 923 454 1003 doque
498 920 884 1003 substringere.
946 923 1034 980 Sic
1078 923 1243 981 Suevi
1283 946 1314 981 a
1354 922 1553 982 ceteris

262 1007 566 1065 Germanis
593 1031 605 1064 ε
638 1006 708 1064 fic
736 1008 1047 1065 Suevorum
1072 1006 1306 1087 ingenui
1328 1030 1359 1064 a
1387 1004 1555 1066 servis

260 1087 598 1172 separantur.
650 1093 715 1147 In
745 1087 865 1146 aliis
891 1088 1152 1170 gentibus
1174 1137 1193 1160 ,
1223 1088 1318 1148 seu
1343 1113 1559 1171 mgna--⁴

260 1173 420 1231 tione
451 1171 635 1253 aliqua
667 1174 979 1231 Suevorum
1003 1220 1020 1244 ‚
1065 1170 1158 1230 seu
1194 1175 1214 1248 (
1238 1173 1395 1253 quod
1417 1172 1554 1255 saepe

256 1256 501 1332 accidit)
542 1256 897 1327 imitatione,
943 1278 1164 1327 ratum,
1204 1263 1262 1314 δε
1294 1257 1442 1315 intra
1474 1264 1555 1332 ju-

258 1361 439 1399 ventae
476 1338 754 1421 spatium3
798 1338 945 1419 apud
984 1342 1189 1398 Suevos
1213 1385 1229 1411 ‚
1267 1338 1439 1420 usque
1479 1339 1553 1399 ad

258 1422 532 1481 canitiem
556 1471 574 1496 ‚
618 1424 947 1481 horrentem
986 1422 1251 1504 capillum
1283 1444 1433 1482 retro
1466 1421 1557 1492 se-,

261 1526 550 1587 quuntur,
610 1529 672 1565 ac
721 1506 856 1588 saepe
900 1506 960 1563 in
1007 1504 1125 1586 ipso
1174 1504 1292 1565 solo
1338 1507 1552 1568 vertice

261 1589 536 1673 religant:
564 1591 839 1672 principes
858 1597 914 1649 &
935 1590 1281 1648 ornatiorem
1304 1588 1552 1651 habent:

260 1698 328 1736 ea
353 1696 482 1733 cura
506 1671 701 1731 formae
720 1721 735 1745 ,
759 1671 855 1731 sed
871 1673 1128 1732 innoxiae.
1169 1673 1373 1752 Neque
1395 1675 1554 1734 enim

262 1778 326 1819 ut
382 1778 575 1835 ament
622 1777 954 1825 amentutve
993 1780 1010 1832 3
1074 1757 1134 1814 in
1187 1755 1552 1818 altitudinem

263 1841 581 1924 quamdam
629 1849 684 1899 &
731 1860 1005 1899 terrorem
1039 1886 1054 1909 ,
1106 1839 1310 1898 adituri
1358 1840 1551 1915 bella,

266 1925 518 2006 compti,
559 1942 621 1982 ut
647 1923 887 1981 hostium
914 1921 1087 1981 oculis
1111 1970 1127 1995 ‚
1167 1943 1451 1984 ornantur.

349 2009 634 2066 XXXIX.
669 2008 1186 2067 “VETUsnsstos
1225 2004 1281 2066 se
1322 2006 1552 2066 nobilis-

261 2107 301 2143 ’ω
313 2088 589 2171 {imosque
613 2092 922 2150 Suevorum
940 2119 972 2143 32
994 2093 1304 2150 Semnones
1330 2113 1553 2150 memo-

263 2195 406 2234 rant.
456 2174 615 2233 Fides
637 2174 984 2255 antiquitatis
1004 2222 1022 2246 ,
1062 2174 1333 2255 religione
1356 2173 1552 2233 firma-

264 2277 373 2317 tur.
434 2259 588 2318 Stato
632 2279 887 2338 tempore
930 2258 988 2315 in
1031 2256 1223 2319 filvam
1249 2305 1265 2329 ‚
1304 2258 1552 2340 auguriis

264 2362 490 2423 patrum
508 2352 563 2402 δε
582 2341 751 2425 prisca
773 2340 1081 2402 formidine
1097 2340 1326 2413 sacram,
1346 2365 1549 2402 omnes

263 2423 521 2503 ejusdem
578 2425 856 2507 sanguinis
917 2425 1110 2506 populi
1170 2423 1548 2506 legationibus

266 2530 475 2567 coeunt
501 2556 516 2580 ‚
568 2509 812 2590 caesoque
855 2508 1072 2590 publice
1120 2508 1354 2568 homine
1395 2507 1549 2567 cele-

264 2589 430 2682 ,bremt
470 2592 691 2655 barbari
729 2591 864 2654 ritus
902 2592 1183 2660 horrenda
1216 2590 1549 2684 primofdiffi'
