1663 2958
325 186 403 238 74
514 162 587 219 C,
633 160 1061 216 CORNELII
1105 159 1412 217 TAchz

324 254 772 343 „penetrandam
823 252 1204 313 Caledoniam
1236 305 1253 330 ,
1307 259 1608 326 invenienti

323 345 622 421 nodumque
656 337 890 398 tandem
926 339 1224 398 Britannice
1257 342 1607 418 terminum,

322 426 643 484 mcontinuo
699 423 1028 505 proeliorum
1087 423 1293 484 cursum
1324 473 1341 497 ‚
1395 423 1607 486 freme-

325 511 463 570 bant
488 533 500 566 :
532 529 700 589 atque
722 505 806 564 illi
834 507 1016 567 modo
1035 509 1181 566 cauti
1205 532 1266 568 ac
1292 508 1566 591 sapientes
1586 555 1609 588 ³,

322 591 575 676 prompti
631 591 749 674 post
805 611 1072 652 eventum
1129 616 1190 651 ac
1246 593 1604 674 magniloqui

326 698 485 737 erant
516 702 528 735 ε
556 673 895 756 iniquissima
916 675 1027 733 haec
1050 674 1332 734 bellorum
1352 677 1606 736 conditio

323 763 437 821 est:
475 759 733 843 prospera
761 780 959 817 omnes
998 757 1099 816 sibi
1140 759 1469 832 vindicant,
1509 760 1607 819 ad-

319 843 474 904 versa
514 846 611 903 uni
641 844 1007 925 imputantur.
1061 842 1146 901 At
1187 844 1442 904 Britanni
1478 867 1604 910 <non

320 930 530 988 virtute
555 975 571 1000 ‚
610 925 708 986 sed
737 923 1022 985 occasione
1054 933 1112 984 δε
1138 948 1253 985 arte
1279 927 1435 986 ducis
1459 928 1560 986 rati
1584 973 1606 1002 ,Ι

323 1012 468 1074 nihil
498 1034 563 1072 ex
594 1007 911 1096 arrogantia
936 1009 1225 1069 remittere
1245 1056 1261 1082 ‚
1300 1011 1607 1093 quominus

319 1105 679 1179 juventutem
699 1113 1010 1164 armarent,
1035 1100 1300 1176 conjuges
1319 1118 1378 1153 ac
1399 1095 1607 1160 liberos,

318 1183 381 1240 in
439 1180 562 1238 loca
610 1199 729 1238 tuta
779 1174 1143 1235 transferrent
1174 1224 1191 1249 ‚
1249 1178 1484 1237 coetibus
1539 1202 1603 1255 ac

317 1263 594 1326 sacrificiis
639 1259 1112 1343 conspirationem
1149 1261 1440 1320 civitatum
1479 1260 1605 1322 san-.-

316 1349 526 1408 cirent:
550 1368 718 1428 atque
737 1346 815 1406 ita
831 1345 1070 1405 inritatis
1090 1345 1375 1427 utrimque
1399 1346 1604 1407 animis

320 1430 633 1491 discessum.

402 1517 685 1575 XXVIII.
715 1516 928 1572 EADEM
956 1513 1131 1572 aestate
1154 1512 1353 1572 cohors
1381 1512 1604 1596 Usipio-

319 1622 488 1671 rum,
531 1621 630 1680 per
673 1596 1008 1657 Germanias
1052 1594 1400 1679 conscripta,
1448 1606 1506 1658 &
1539 1599 1603 1665 in,

317 1683 668 1743 Britanniam
699 1678 1007 1740 transmissa
1030 1725 1046 1750 ‚
1089 1702 1364 1762 magnum
1386 1703 1447 1739 ac
1477 1705 1602 1742 me·-

316 1766 593 1829 motabile
623 1765 838 1826 facinus
867 1762 991 1837 ausa
1024 1765 1114 1826 est.
1163 1762 1370 1824 Occiso
1402 1786 1601 1826 centu-2

317 1853 476 1910 rione
517 1874 579 1909 ac
627 1848 902 1908 militibus
932 1895 949 1919 ‚
997 1848 1095 1928 qui
1117 1847 1213 1905 ·ad
1261 1847 1617 1909 tradendam.

318 1933 671 2017 disciplinam
713 1932 963 1991 immixti
1008 1931 1311 2013 manipulis
1336 1979 1355 2005 ,
1406 1955 1599 1992 exem-2

317 2020 478 2103 plum
501 2028 558 2080 &
586 2021 825 2078 rectores
851 2013 1201 2075 habebantur
1223 2062 1239 2087 ‚
1283 2036 1393 2075 tres
1420 2015 1597 2076 libur-

315 2104 504 2176 nicaS‚
547 2101 752 2162 adactis
794 2123 891 2183 per
933 2100 1048 2159 vim
1092 2099 1598 2180 gubernatoribus,

316 2186 649 2248 ascendere:
697 2194 755 2245 &
783 2205 896 2243 uno
932 2183 1308 2266 remigrante‚
1344 2182 1602 2266 suspectis

318 2272 538 2331 duobus
572 2269 751 2351 eoque
791 2265 1099 2327 interfectis
1122 2314 1138 2338 ,
1175 2266 1434 2324 nondum
1471 2267 1597 2327 vul-

317 2378 449 2438 gato
474 2376 700 2414 rumore
721 2401 737 2425 ‚
773 2373 831 2411 ut
855 2349 1186 2410 miraculum
1210 2349 1597 2432 proveheban-

318 2462 449 2499 tur:
486 2462 618 2497 mox
657 2437 758 2496 hac
797 2456 966 2515 atque
1008 2433 1104 2492 illa
1143 2435 1323 2515 rapti,
1371 2442 1429 2494 ὃς
1461 2458 1593 2494 cum

312 2521 589 2605 plerisque
649 2522 1048 2580 Britannorum
1074 2565 1091 2590 ,
1143 2515 1237 2576 sua
1295 2515 1592 2577 defensan-

316 2610 458 2667 tium
477 2656 494 2680 ,
520 2605 718 2692 proelio
741 2602 1006 2687 congreffi
1030 2651 1046 2676 ,
1074 2625 1135 2661 ac
1158 2600 1293 2685 saepe
1317 2602 1590 2686 visto-res}
