1663 2958
221 106 783 175 GERMANORUM
837 118 1072 178 NoTAE.
1192 114 1356 194 263'

7 222 12 267 j
37 200 362 274 Heildeslzeim.
396 211 632 260 Saxonum
661 232 834 263 nomen
856 215 1022 265 Tacito
1055 220 1313 280 recentius,

7 306 13 339 t
38 279 122 324 iaec
155 277 355 324 innotuit
379 293 485 324 ante
502 279 728 327 Antonini
751 281 817 329 Pii
836 285 1145 346 principatum
1164 320 1177 342 ‚
1210 301 1306 350 quo

37 352 243 404 tempore
262 339 550 390 Chersoneso
581 343 814 393 Cimbrica
841 349 998 413 egressi
1021 349 1302 413 inclaruere,

35 410 80 465 ὃς
99 406 261 470 postea
289 422 394 453 cum
423 405 592 474 Anglis
621 409 907 460 Britanniam
937 430 1238 479 occupavere.

101 533 228 585 CAP.
274 534 539 588 XXXVII.
596 537 815 590 Eumdem
857 543 1122 593 Germanice
1143 545 1309 611 struma

34 594 205 656 Versus
237 601 641 668 Septemtrionem.

98 665 269 716 Cimbri
303 683 471 717 renent.
517 670 682 719 Manet
718 670 867 720 adhuc
905 691 1063 722 eorum
1095 694 1266 724 nomen
1291 714 1308 738 ,

35 737 78 780 &
109 749 220 798 quas
254 736 490 783 incoluere
525 753 661 785 terras
696 737 885 787 dicimus
921 738 965 786 Za
997 739 1264 805 Cheifimese
1286 780 1304 802 ,

12 812 90 847 sou
131 796 177 845 la
213 800 460 866 presqu'zfle
504 801 757 867 Cimbrique
792 819 814 862 ς
871 805 946 852 ubi
992 804 1031 853 le
1073 804 1267 855 Jutland
1288 844 1307 866 ,

13 859 257 929 2Slejfwig‚
285 866 324 914 le
346 865 561 930 fiolsteitz.
594 869 889 918 Cimbrorum
913 871 1110 938 gloriam
1135 872 1310 920 varios-

15 959 16 962 =
68 945 122 975 ue
163 928 286 978 casus
321 935 476 996 paucis
506 973 518 993 ,
557 933 630 983 sed
676 936 917 998 accurate,
957 934 1183 1002 descripfit
1229 938 1306 988 Cl.

34 943 195 1044 manet
217 1034 230 1056 ,
261 994 568 1049 Introduc-‘lion
595 1003 622 1049 a*
643 999 869 1068 Z’Hzstoz're
902 1002 956 1053 de
976 1001 1310 1066 Danemarclc,

31 1076 140 1128 pag.
171 1078 222 1123 13
254 1069 297 1110 δε
323 1061 451 1131 seqq.

100 1126 258 1175 Parva
293 1145 414 1177 nunc
455 1129 632 1179 civitas.
668 1131 814 1180 Parva
850 1132 1036 1199 quidem
1072 1152 1179 1185 tunc
1212 1151 1307 1186 erat

32 1192 189 1240 civitas
213 1231 225 1253 ‚
265 1196 613 1260 migrationibus
636 1235 648 1257 ‚
688 1199 1062 1250 inundationibus
1090 1242 1102 1263 ‚
1141 1203 1268 1250 bellis
1291 1241 1306 1264 ,

37 1257 328 1326 cladibusque
349 1262 560 1310 exhausta
582 1301 594 1322 ,
632 1279 679 1311 ut
699 1265 849 1313 videre
878 1268 940 1312 est
963 1269 1086 1333 apud
1113 1266 1307 1318 Florum

33 1322 101 1371 III
121 1361 133 1383 ‚
176 1341 218 1385 3.
261 1325 352 1373 Sed
384 1329 545 1390 postea
578 1330 781 1378 revaluit.
820 1330 878 1377 Et
901 1349 956 1379 ex
981 1335 1068 1381 hac
1096 1337 1305 1400 gentium

32 1391 196 1453 vagina
227 1391 445 1439 emersere
476 1391 677 1454 Franci,
718 1397 924 1444 Saxones
945 1437 956 1457 ,
996 1398 1264 1447 Normanni
1285 1418 1323 1460 ,·

33 1454 202 1520 aliique
218 1456 403 1520 plurimi
419 1460 613 1523 populi,
643 1463 723 1528 qui
745 1477 885 1510 totam
903 1461 1046 1513 ferme
1064 1465 1305 1532 Europam

32 1519 139 1584 iuris
167 1519 438 1571 Germanici
470 1524 631 1573 fecere.

97 1584 260 1635 Gloria
307 1589 487 1654 ingens,
544 1589 630 1638 Per
667 1588 972 1643 Germaniam
1002 1632 1015 1654 ,
1062 1594 1306 1657 Galliam,⁴

32 1650 308 1715 Hispaniam
325 1692 337 1713 ,
369 1655 654 1703 Britanniam
675 1693 688 1715 ‚
719 1656 896 1705 Italiam
915 1698 927 1720 ‚
959 1666 1003 1706 ὃ(
1024 1660 1080 1708 ad
1097 1661 1304 1711 Moeotin

32 1716 173 1782 usque
193 1755 205 1776 ‚
233 1718 326 1783 quo
349 1720 571 1784 progreffi
589 1760 602 1781 ‚
637 1722 744 1769 teste
767 1722 1013 1772 Pofidonio
1038 1727 1160 1791 apud
1183 1729 1304 1776 Stra-

32 1782 205 1829 bonem
240 1784 341 1831 libr.
374 1785 500 1845 VH,
535 1803 646 1851 pag.
683 1804 770 1849 203
801 1826 813 1846 ‚
849 1789 1185 1851 Cimmerium,
1226 1809 1303 1844 aut

31 1846 345 1913 Cimbricum,
378 1848 668 1918 Bosphorum
692 1851 749 1900 de
774 1851 852 1900 suo
878 1859 1068 1905 nomine
1092 1861 1300 1924 appella·-

33 1928 208 1963 verunt.
945 1961 948 1963 »

48 1999 54 2005 ’
97 1977 296 2042 Utraque
334 1980 449 2042 ripa.
494 1980 706 2049 Utraque
745 1985 1015 2035 Chersonesi
1054 1987 1320 2039 Cimbricae..

34 2043 131 2109 ripa
146 2046 285 2111 vulgo
305 2063 566 2111 exponunt,
591 2067 677 2098 nec
697 2052 832 2099 male.
856 2052 1124 2102 Existimant
1146 2072 1299 2103 tamen

9 2111 115 2158 -viri
154 2111 315 2160 eruditi
355 2113 593 2162 Cluverius
635 2123 678 2164 &
715 2118 1013 2178 Dithmarus‚
1046 2119 1150 2167 etim
1193 2121 1303 2170 inde

9 2192 11 2197 ·
29 2177 202 2227 constet
220 2181 378 2244 magni
398 2181 615 2230 exercitus
638 2181 745 2231 fides
760 2221 772 2243 ,
793 2184 888 2231 haec
908 2185 1048 2232 castra
1066 2185 1303 2254 spatiaque

70 2242 275 2292 uaerenda
316 2246 387 2292 vel
419 2249 467 2294 in
506 2246 635 2294 ltalia
655 2287 667 2308 ‚
704 2250 823 2297 circa
856 2251 1043 2297 fluvium
1073 2251 1261 2301 Athefin
1282 2292 1301 2315 ‚

14 2303 252 2374 11Adige‚
291 2312 362 2357 vel
392 2313 439 2359 in
477 2310 630 2361 Gallia
662 2313 951 2364 Narbonensi
983 2317 1106 2377 juxta
1138 2318 1300 2387 Aquas

30 2372 202 2423 Sextias
221 2412 234 2434 ,
275 2374 371 2425 Aix
410 2396 464 2426 en
499 2376 730 2429 Provence
754 2421 768 2443 ,
811 2381 883 2429 ubi
912 2380 1074 2430 Florus
1098 2384 1165 2431 III
1187 2425 1199 2446 ,
1235 2404 1254 2448 3
1281 2418 1301 2441 ,

29 2437 271 2488 Teutonos
294 2479 309 2501 ‚
348 2460 374 2491 a
412 2444 564 2492 Mario
604 2444 737 2494 caesos
763 2486 775 2506 ,
811 2448 974 2496 vallem
1014 2455 1059 2497 ὃς
1096 2453 1300 2501 medium

0 2518 2 2572 ῃ
36 2506 220 2554 fluvium
249 2506 434 2555 tenuisse
470 2527 710 2560 memorat.
751 2514 825 2560 De
862 2512 1158 2564 Cimbrorum
1202 2521 1297 2566 ima

0 2572 6 2630 ly
36 2573 191 2620 mensa
213 2573 499 2621 multitudine
545 2576 646 2624 vide
672 2577 898 2631 Justinum
922 2578 1223 2646 XXXVIII,
1256 2599 1304 2646 ς.

0 2634 6 2681 1⁴?
39 2641 83 2696 ὃς
100 2636 392 2689 Plutarchum
418 2644 469 2690 in
488 2639 641 2695 Mario
658 2676 674 2702 ‚
695 2662 808 2713 pag,
827 2663 884 2705 41
900 2663 946 2698 1·
1280 2648 1285 2651 Δ
