1663 2958
389 168 945 232 D1Aroon
1195 174 1314 230 161·

6 304 7 307 ¹
40 269 198 353 ‘quod
213 268 270 329 in
293 262 415 329 foro
439 268 839 326 nobilissimum
857 267 1309 351 &incorruptum

11 387 13 389 ·
37 355 315 436 ‘supererat
340 351 520 430 sequi,
544 370 797 407 veterum
822 372 1106 409 oratorum
1127 375 1313 411 exem-

43 437 133 521 pla
147 459 261 492 non
282 434 481 493 eadem
499 431 829 510 eloquentiae
845 433 928 503 vi,
943 456 1113 511 quam
1129 438 1310 494 nostra

40 542 156 578 ,non
183 515 369 576 ferunt
395 536 648 594 tempora
671 560 689 585 ,
732 513 828 572 sed
858 517 974 596 pari
1008 518 1310 577 constantia

22 599 285 668 ‚aemulari
307 648 323 671 ,
359 621 457 680 pro
485 596 630 656 virili
655 618 807 679 parte
831 598 1089 656 adversus
1111 601 1309 658 immi-

0 707 1 727 *
45 684 232 745 nentia
254 684 400 740 mala
425 703 516 739 me
542 681 826 759 accingere
845 726 863 750 ,
892 687 949 738 8<
967 681 1175 739 civium
1199 682 1309 741 for-

45 787 197 826 tunas
222 813 238 837 ,
280 765 616 846 dignitatem
641 810 658 834 ,
692 762 927 820 salutem
967 765 1127 822 tueri.
1188 765 1308 838 At,
1356 773 1362 779 ’

45 869 103 909 ut
126 849 297 906 modo
318 849 463 917 dixi,
488 867 690 903 naturae
719 845 828 902 alio
854 844 1093 904 trahenti
1113 869 1306 927 parere

41 930 203 1015 jussus
223 978 238 1002 ‚
277 930 345 988 ad
378 928 763 1009 tranquilliora
787 937 842 986 ὃς
869 927 1139 986 securiora
1166 930 1307 988 Mu-

42 1008 222 1080 sarum
269 1014 433 1071 castra
493 1009 785 1091 transfugi.⁴
853 1011 1068 1069 Animo
1118 1033 1310 1073 tamen

37 1096 206 1165 ,haeret
228 1094 444 1176 semper
469 1091 578 1151 fori
606 1115 764 1152 amo-r
789 1100 844 1150 &
872 1115 1015 1151 cura.

141 1204 160 1236 1
184 1204 201 1236 1
217 1225 228 1237 .
264 1182 350 1236 SAE
370 1201 394 1234 P
410 1201 438 1235 E
479 1178 648 1236 etiam
671 1224 687 1248 ,
719 1175 849 1234 cum
874 1176 1314 1238 meditabundus

37 1260 290 1341 solusque
315 1259 621 1318 obambulo
642 1307 658 1331 ,
698 1259 756 1315 in
785 1255 1027 1317 forenses
1055 1260 1310 1319 revolvor

42 1345 406 1426 cogitationes
436 1389 452 1413 ,
498 1363 835 1418 mecumque
874 1363 1070 1421 reputo
1106 1344 1308 1402 veteri-s

38 1426 367 1506 eloquenti-<e
392 1422 574 1483 casum
594 1472 608 1495 ,
636 1421 824 1481 diserti
845 1425 1012 1481 nostri
1036 1423 1311 1485 sermonis

40 1510 314 1590 originem
337 1554 351 1578 ,
397 1506 679 1588 utriusque
720 1504 899 1564 causas
933 1515 988 1566 δέ
1025 1508 1306 1570 utilitates-

36 1592 196 1667 Quid
220 1592 318 1648 hac
347 1589 503 1669 super
530 1613 584 1648 re
609 1589 750 1647 mih-‘1
775 1589 953 1647 visum
983 1590 1268 1671 explicabo
1285 1638 1304 1664 ‚

35 1698 151 1736 non
171 1673 590 1732 contradicendi
610 1671 787 1731 studio
804 1720 819 1744 ,
843 1695 1025 1752 neque
1044 1695 1104 1732 ut
1125 1673 1306 1734 sensus

35 1781 194 1818 meos
224 1756 583 1839 persuadeam
606 1781 622 1834 3
649 1754 744 1814 sed
768 1777 829 1813 ut
852 1756 910 1812 in
936 1757 1036 1813 hac
1062 1756 1306 1839 disputa-

34 1842 189 1901 tione
230 1861 405 1921 partes
451 1862 602 1898 meas
643 1837 913 1919 impleam
937 1886 953 1910 ,
999 1840 1305 1920 nostrisque

33 1923 122 1984 vel
150 1921 493 1981 discordibus
519 1921 805 1982 sententiis
830 1921 1006 2002 magis
1035 1922 1304 1984 elucescat:

35 2007 248 2067 veritas,
313 2004 565 2087 Ignoscat
609 2006 795 2085 itaque
836 2005 989 2087 Aper
1011 2051 1028 2076 ‚
1068 2005 1105 2064 fi
1145 2008 1306 2086 hujus

18 2089 300 2170 ¹temporis
337 2089 562 2169 ingenia
595 2096 873 2168 majorum
910 2089 1147 2167 ingeniis
1182 2113 1303 2150 non

33 2170 359 2242 anteferam,
381 2171 507 2229 licet
520 2173 698 2228 nostra
714 2172 949 2228 minime
965 2171 1302 2252 deprimam.

34 2258 119 2316 Ne
140 2253 451 2314 succenseat
471 2252 704 2312 Messala
720 2300 736 2324 ‚
762 2275 934 2332 quem
955 2274 1016 2311 tu
1039 2276 1263 2334 quoque
1281 2301 1302 2328 ,

32 2337 282 2399 Secunde
306 2385 321 2409 ,
354 2336 655 2396 adsechtus
680 2359 752 2395 es.
794 2335 983 2406 Vitia,
1008 2358 1127 2415 quae
1154 2360 1300 2396 acer-

30 2422 173 2481 rime
212 2466 228 2491 ,
280 2440 340 2478 ut
389 2420 782 2501 integerrimos
832 2417 1066 2477 decebat
1111 2419 1257 2478 viros
1279 2465 1298 2492 ‚

33 2502 334 2583 exagitastis
361 2548 377 2572 ‚
417 2525 521 2583 ego
553 2503 754 2583 pariter
779 2501 894 2560 odi.
944 2503 1064 2563 Vos
1108 2522 1300 2563 tamen

31 2585 344 2649 rhetoribus
382 2585 532 2648 haud
567 2586 644 2645 ita
679 2582 921 2646 infensos
965 2583 1256 2646 voluissem
1277 2633 1297 2670 ἓ
