1663 2958
304 150 973 210 >Aon1cor,A.
1219 167 1295 227 75

36 250 336 333 aliquando
363 247 498 330 pulsi
526 294 542 318 ‚
574 249 640 304 eo
667 247 737 304 ad
764 267 1077 305 extremum
1100 244 1301 328 inopia:

35 336 235 395 venere
260 382 276 406 ‚
319 354 380 391 ut
421 328 816 387 infirmiffimos
857 328 1119 400 suorum,
1167 352 1302 387 mox

23 418 180 491 ¹sorte
221 418 410 475 dmitos
445 410 832 470 vescerentur:
872 433 1036 492 atque
1073 412 1149 470 ita
1191 414 1302 470 cir-

40 498 314 574 cumveffi
347 494 692 553 Britanniam
719 541 736 565 ,
778 495 976 554 amiffis
1007 517 1105 577 per
1137 493 1306 553 insci-

38 585 175 647 tiam
201 577 447 661 ‘regendi
483 575 713 634 navibus
741 622 757 647 ‚
808 598 908 659 pro
953 576 1306 659 praedonibus

39 665 214 725 habiti
237 711 254 736 ‚
300 659 545 744 primum
572 683 603 717 a
628 660 816 717 Suevis
837 706 855 732 ,
894 683 1027 718 mox
1065 685 1095 718 a
1131 660 1307 720 Frisiis

39 746 333 828 intercepti
354 743 476 802 sunt
502 767 514 800 ι
546 766 606 801 ac
633 739 788 801 fuere
809 790 825 814 ,
862 765 1001 823 quos
1029 765 1125 823 per
1148 766 1313 801 com-

43 831 249 892 mercia
272 825 678 894 venumdatos,
705 834 762 885 &
786 825 845 882 in
871 826 1112 883 nostram
1136 825 1309 906 usque

44 916 220 996 ripam
270 909 583 969 mutatione
629 909 945 968 ementium
991 908 1260 967 adduotos
1289 956 1308 980 ‚

41 995 314 1056 indicium
360 993 502 1052 tanti
539 989 689 1051 cassis
736 990 1057 1052 inlustravit.
1136 992 1309 1050 Initio

41 1079 228 1139 aestatis
247 1076 512 1158 Agricola
527 1122 544 1146 ,
570 1074 876 1134 domestico
895 1075 1124 1135 vulnere
1151 1075 1310 1146 istm,

41 1185 188 1222 anno
211 1163 336 1218 ante
356 1180 550 1218 natum
573 1157 754 1216 filium
778 1157 973 1218 amisit.
1015 1161 1207 1234 Quem
1225 1182 1310 1216 ca-

42 1244 163 1305 sum
180 1264 361 1323 neque
380 1289 397 1315 ‚
419 1262 477 1300 ut
500 1240 749 1321 plerique
770 1239 1006 1301 fortium
1028 1243 1274 1300 virorum
1291 1286 1311 1312 ,

42 1326 335 1387 ambitiose
358 1371 375 1397 ‚
416 1345 599 1403 neque
632 1346 729 1405 per
760 1324 1007 1383 lamenta
1037 1322 1212 1382 rursus
1245 1348 1308 1382 ac

40 1430 333 1469 maerorem
371 1407 721 1466 muliebriter
761 1406 927 1466 tulit:
973 1415 1030 1467 &
1065 1407 1125 1465 in
1158 1406 1310 1467 lustu

43 1491 256 1554 bellum
292 1492 436 1550 inter
474 1489 725 1549 remedia
765 1510 898 1551 erat.

131 1576 351 1633 XXIX.
390 1576 603 1631 onrUR
645 1571 916 1655 praemissa
952 1570 1111 1632 classe
1135 1619 1152 1644 ‚
1188 1594 1309 1652 quae

43 1657 289 1743 pluribus
313 1657 446 1715 locis
469 1655 706 1738 praedata
721 1702 740 1728 ,
767 1678 1038 1738 magnum
1057 1665 1112 1716 &
1127 1657 1312 1713 incer-

45 1765 168 1802 tum
189 1762 461 1800 terrorem
481 1737 688 1798 faceret
709 1786 725 1809 ‚
748 1739 1008 1820 expedito
1035 1738 1276 1799 exercitu
1292 1786 1310 1810 ,

47 1826 134 1888 cui
158 1846 222 1883 ex
238 1822 512 1882 Britannis
537 1819 854 1880 fortissimos
872 1870 888 1894 ,
913 1830 968 1882 δε
989 1820 1157 1904 longa
1177 1843 1311 1903 pace

46 1907 353 1990 exploratos
379 1905 670 1964 addiderat
689 1952 706 1976 ‚
736 1905 807 1964 ad
831 1925 1091 1965 montem
1112 1908 1314 1963 Gram-

46 1992 202 2074 pium
242 1989 493 2070 pervenit
527 2011 700 2068 quem
733 1995 849 2069 jam
881 1989 1059 2048 hostes
1093 1986 1314 2047 insede-

48 2094 186 2133 rant.
228 2074 376 2130 Nam
406 2072 657 2130 Britanni
681 2119 696 2143 ,
737 2070 880 2130 nihil
919 2070 1078 2131 fraori
1117 2094 1312 2152 pugnat

50 2155 243 2240 prioris
272 2176 473 2216 eventu
490 2203 505 2226 ‚
541 2164 597 2214 &
614 2154 893 2215 ultionem
914 2176 1005 2214 aut
1027 2154 1315 2215 servitium

51 2238 450 2322 exspetstanteS,
479 2238 822 2318 tandemque
847 2237 1026 2309 doeti,
1060 2260 1316 2296 commu-

52 2345 124 2382 ne
163 2322 470 2402 periculum
506 2321 802 2380 concordia
837 2319 1273 2403 propulsandum
1297 2368 1326 2393 ‚,

55 2405 420 2486 legationibus
454 2413 510 2465 &
542 2401 845 2464 foederibus
883 2405 1141 2464 omnium
1179 2404 1317 2464 civiv

57 2509 236 2546 ratum
281 2490 420 2548 vires
465 2488 791 2548 exciverant.
869 2489 1109 2568 Jamque
1157 2485 1316 2569 super

56 2572 279 2654 triginta
309 2570 481 2631 millia
507 2590 848 2651 armatorum
876 2570 1277 2655 aspiciebantur
1294 2615 1329 2646 ,f

1012 2653 1152 2733 Di,-
