1700 2984
255 209 341 258 ,τι
453 193 525 252 C.
572 192 1017 250 CORNELH
1063 193 1365 254 TAM-ri

258 291 356 357 ,vel
377 291 632 350 cominus
648 289 738 349 vel
757 292 975 351 eminus
990 314 1243 377 pugnent
1265 319 1278 352 z
1299 303 1357 355 &
1379 312 1556 375 eques‘

266 375 504 458 quidem
541 372 697 432 scuto
726 372 1053 458 frameaque
1095 399 1392 438 contentus
1430 380 1505 437 est
1532 401 1554 436 ι

265 460 484 542 pedites
504 465 561 517 &
585 457 802 518 miffilia
819 459 1081 544 spargunt
1097 509 1114 534 ‚
1138 461 1294 542 plura
1317 460 1549 545 singuli,

265 564 437 623 atque
468 543 527 599 in
553 541 900 602 immensum
928 545 1150 604 vibrant
1177 570 1189 603 :
1229 547 1367 604 nudi
1391 593 1407 618 ‚
1451 565 1548 603 aut

268 625 462 708 sagulo
487 625 667 685 leves:
704 627 857 687 nulla
887 628 1064 688 cultus
1090 630 1314 710 jastatio
1346 654 1358 687 t
1399 627 1551 687 scuta.

268 709 492 769 tantum
523 709 824 770 lectiffimis
850 712 1129 771 coloribus
1165 713 1510 795 distinguunt
1535 736 1554 769 ·.

268 796 456 877 paucis
481 795 663 853 loricae
692 819 704 852 ε
743 797 834 854 vix
856 797 958 854 uni
983 797 1212 857 alterive
1237 798 1382 855 caffis
1403 843 1419 868 ,
1457 814 1553 854 aut

268 879 445 961 galea.
499 879 643 959 Equi
679 901 794 937 non
831 877 1016 939 forma
1038 928 1057 954 ,
1100 903 1215 939 non
1251 880 1554 941 velocitate

264 961 553 1046 conspicui
577 987 589 1019 z
622 960 718 1020 sed
740 986 844 1023 nec
873 965 1083 1024 variare
1107 986 1266 1047 gyros
1290 1011 1306 1036 ‚
1341 965 1402 1023 in
1427 987 1559 1022 mo·-

264 1069 392 1107 rem
419 1048 668 1105 nostrum
691 1093 707 1118 ‚
749 1047 1040 1106 docentur.
1082 1053 1146 1107 In
1171 1053 1383 1107 rectum
1409 1095 1426 1120 ,
1458 1067 1554 1106 aut

269 1154 386 1190 uno
427 1131 569 1189 flexu
611 1130 835 1188 dextros
875 1152 1047 1212 agunt
1073 1178 1087 1202 ,
1131 1132 1209 1189 ita
1254 1136 1557 1212 conjuncto

269 1213 409 1274 orbe
427 1262 443 1286 ,
474 1234 536 1272 ut
558 1236 730 1273 nemo
749 1215 1015 1295 posterior
1033 1214 1113 1273 fit.
1148 1218 1211 1273 In
1233 1213 1554 1274 universum

269 1297 560 1358 aestimanti
587 1345 602 1369 ‚
641 1296 762 1378 plus
798 1320 968 1380 penes
1005 1298 1260 1379 peditem
1296 1298 1554 1358 roboris:

272 1403 457 1463 eoque
493 1381 657 1439 mixti
701 1381 1027 1463 proeliantur
1062 1430 1080 1455 ,
1140 1380 1267 1464 apta
1307 1391 1365 1442 δε
1416 1406 1555 1440 con-

271 1486 509 1550 gruente
545 1464 617 1523 ad
640 1467 949 1546 equestrem
980 1470 1229 1549 pugnam
1257 1465 1561 1526 velocitate

268 1550 530 1634 peditum
555 1596 571 1621 ‚
611 1571 751 1629 quos
775 1573 841 1610 ex
864 1551 1026 1609 omni
1049 1557 1339 1631 juventute
1367 1549 1558 1610 delec-

271 1656 360 1694 tos
389 1654 518 1694 ante
547 1634 728 1693 aciem
756 1631 963 1693 locant.
1027 1634 1318 1693 Definitur
1355 1642 1411 1694 &
1450 1651 1561 1694 nu-'

267 1741 504 1779 merus:
550 1717 774 1792 centeni
818 1740 884 1777 ex
925 1716 1151 1800 fingulis
1193 1718 1346 1800 pagis
1389 1717 1558 1776 sunt:

269 1803 447 1884 idque
475 1800 657 1884 ipsum
676 1801 823 1861 inter
846 1800 969 1861 suos
992 1823 1263 1860 vocantur
1285 1826 1297 1859 z
1321 1810 1378 1862 δε
1401 1800 1559 1883 quod

273 1887 463 1971 primo
477 1907 741 1944 numerus
760 1883 867 1945 fuit
884 1933 900 1958 ‚
920 1892 1033 1967 jam
1055 1908 1268 1945 nomen
1287 1893 1345 1945 δε
1369 1886 1557 1943 honor

273 1972 368 2031 est.
390 1969 557 2029 Acies
575 1991 674 2052 per
696 1992 902 2029 cuneos
927 1970 1304 2051 componitur.
1329 1969 1557 2028 Cedere

248 2055 402 2119 ,loco
424 2102 442 2128 ‚
487 2053 807 2113 dummodo
862 2052 1039 2114 rursus
1095 2055 1258 2113 instes
1282 2102 1299 2127 ‚
1342 2051 1559 2112 confilii

271 2139 449 2221 quam
495 2136 817 2197 formidinis
867 2138 1221 2197 arbitrantur.
1298 2140 1558 2219 Corpora

271 2223 501 2283 suorum
532 2222 705 2282 etiam
740 2222 798 2281 in
830 2222 1014 2282 dubiis
1042 2222 1249 2305 proeliis
1286 2219 1557 2281 referunt,

275 2310 507 2367 Scutum
549 2305 823 2387 reliquiss'e
863 2308 1198 2389 praecipuum
1233 2305 1510 2388 flagitium
1538 2328 1554 2361 t

276 2413 381 2451 nec
409 2411 502 2448 aut
524 2388 683 2449 sacris
709 2389 890 2450 adeffe
909 2438 925 2462 ‚
961 2412 1055 2449 aut
1080 2389 1385 2448 concilium
1409 2389 1554 2446 inire

273 2472 655 2557 ignominioso
675 2472 754 2533 fas
774 2499 785 2531 ε
808 2474 1086 2555 multique
1106 2473 1413 2555 superstites
1440 2470 1558 2531 bel*

278 2557 463 2618 lorum
486 2606 501 2629 ‚
540 2555 837 2618 infamiam
862 2557 1062 2638 laqueo
1091 2557 1373 2616 finierunt.

360 2642 497 2712 Vn.
533 2642 722 2702 REGE
744 2666 765 2703 s
806 2665 872 2703 ex
907 2640 1202 2703 nobilitate
1233 2665 1249 2721 3
1288 2639 1455 2700 duces
1487 2656 1555 2704 ex
