1700 2984
279 171 356 210 20
467 147 1028 208 C.C0RN121„11
1073 138 1374 207 TAciT1

278 271 343 308 ur
367 270 565 309 nemus
599 245 823 328 placuit.
868 246 1044 308 Vicos
1081 245 1271 307 locant
1291 294 1310 321 ,
1351 271 1468 308 non
1503 246 1563 309 iri

281 335 533 391 nostrum
564 353 788 390 morem
813 377 829 403 ,
870 331 1133 391 connexis
1161 339 1219 391 ὃς
1243 332 1565 392 cohaerenti-

279 417 382 475 bus
402 414 675 474 aedificiis:
696 412 853 474 suam
871 413 1103 497 quisque
1124 415 1366 475 domum
1387 414 1564 497 spatio

281 498 596 558 circumdat
618 545 635 571 ,
675 496 783 559 five
815 499 1074 559 adversus
1106 498 1253 558 casus
1284 501 1428 582 ignis
1473 522 1565 558 re-

283 583 544 642 medium
582 629 599 655 ,
658 580 766 642 sive
813 582 1028 643 inscitia
1073 583 1404 642 aedificandi.
1477 585 1566 641 Ne

247 698 250 705 Α
282 686 690 726 caementorum
715 667 952 747 quidem
976 667 1123 750 apud
1153 666 1279 725 illos
1303 715 1319 739 ,
1365 686 1460 725 aut
1486 686 1567 726 te-

285 749 547 832 gularum
576 748 696 809 usus
722 775 734 808 :
773 752 1005 811 materia
1029 750 1101 809 acl
1124 751 1319 810 omnia
1337 769 1570 808 utuntur

283 833 558 905 informi,
594 842 653 894 δέ·
692 835 828 894 citra
869 834 1111 918 speciem
1140 883 1156 907 ,
1199 855 1291 892 aut
1323 833 1571 893 delesta-

285 918 524 977 tionem,
553 917 830 993 Quaedam
855 917 976 976 loca
999 917 1325 1000 diligentius
1342 917 1571 975 illinunt

289 1002 434 1062 terra
451 1049 467 1073 ‚
495 1002 572 1060 ita
590 1000 724 1083 pura
747 1025 807 1060 ac
829 1000 1158 1082 splendente
1180 1048 1192 1069 ,
1215 1023 1276 1061 ut
1296 1002 1572 1082 pietutam

283 1108 345 1143 ac
377 1085 723 1143 lineamenta
756 1084 1014 1143 colorum
1039 1086 1314 1144 imitetur.
1377 1083 1571 1143 Solent

285 1177 341 1229 &
387 1167 773 1227 subterraneos
820 1165 1010 1250 specus
1059 1169 1271 1251 aperire
1299 1214 1316 1239 ,
1366 1166 1571 1247 eosque

283 1251 470 1311 multo
505 1251 727 1338 insuper
763 1250 903 1310 fimo
945 1273 1182 1312 onerant
1207 1299 1222 1324 ‚
1269 1249 1574 1333 suffugium

286 1336 467 1395 hiemi
510 1342 567 1395 &
615 1334 1031 1417 receptae-ulum
1082 1333 1380 1417 frugibus:
1440 1334 1573 1414 quia

286 1420 538 1502 rigorem
584 1416 863 1500 frigorum
913 1417 1193 1499 ejusmodi
1242 1418 1378 1476 locis
1423 1416 1575 1476 mol-

286 1502 434 1562 liunt
461 1527 472 1559 :
509 1510 565 1561 δε
587 1501 626 1561 si
650 1502 878 1582 quando
901 1502 1068 1562 hostis
1092 1502 1322 1562 advenit
1341 1549 1356 1573 ‚
1383 1522 1574 1582 aperta

287 1584 588 1670 populatur
611 1610 623 1642 ε
664 1585 859 1643 abdita
883 1605 1075 1642 autem
1101 1594 1157 1644 ὃς
1185 1582 1397 1643 defoffa
1422 1632 1439 1656 ,
1480 1604 1577 1642 aut

291 1671 624 1751 ignorantur
654 1714 669 1737 ‚
720 1688 816 1728 aut
858 1689 925 1726 eo
967 1666 1085 1749 ipso
1129 1667 1332 1726 fallunt
1358 1714 1376 1739 ,
1421 1666 1576 1749 quod

287 1750 588 1835 quaerenda
629 1747 772 1809 sunt.

368 1836 562 1894 XVII.
604 1834 691 1890 TE
718 1857 749 1891 o
768 1856 805 1891 U
827 1852 920 1889 ME
945 1850 984 1888 N
1027 1828 1293 1890 omnibus
1333 1828 1528 1912 sagum
1556 1879 1577 1906 ‚

291 1916 504 1989 fibula,
547 1935 681 1986 aut,
729 1913 769 1972 fi
812 1913 952 1974 defit
977 1961 994 1985 ‚
1040 1911 1195 1995 spina
1237 1912 1576 1975 consertum.

292 2004 505 2061 Cetera
550 1999 787 2070 inreffl,
837 2019 984 2057 totos
1025 1997 1144 2056 dies
1187 2003 1341 2077 juxta
1381 1995 1578 2057 focum

293 2105 463 2166 atque
498 2084 694 2166 ignem
726 2103 917 2165 agunt.
960 2079 1403 2164 Locupletiffimi
1427 2084 1574 2141 veste

299 2168 713 2251 distinguuntur
738 2212 754 2238 ‚
796 2188 911 2225 non
956 2165 1209 2224 fluitante
1235 2213 1251 2237 ,
1290 2163 1424 2223 ficut
1460 2167 1581 2224 Sar-

299 2274 462 2313 matae
503 2277 565 2311 ac
609 2250 843 2323 Parthi,
889 2249 985 2310 sed
1020 2248 1198 2308 stristzi
1238 2257 1295 2308 &
1335 2247 1578 2330 singulos

298 2357 446 2397 artus
500 2336 866 2419 exprimente.
945 2337 1166 2394 Gerunt
1220 2340 1278 2392 &
1331 2330 1579 2392 ferarum

299 2420 470 2503 pelles
501 2468 517 2492 ‚
563 2419 806 2500 proximi
835 2419 960 2501 ripae
988 2417 1342 2499 negligenter
1372 2463 1387 2488 ‚
1431 2416 1580 2475 ulte-

301 2507 472 2563 riores
505 2501 827 2583 exquisitius
851 2549 868 2574 ,
908 2523 968 2560 ut
1011 2501 1213 2582 quibus
1257 2499 1438 2557 nullus
1482 2521 1579 2581 per

295 2588 637 2649 commercia
660 2588 855 2647 cultus,
907 2585 1137 2671 Eligunt
1177 2581 1318 2644 feras
1344 2630 1361 2657 ,
1401 2592 1455 2646 8<
1486 2584 1581 2644 cle<-
