1700 2984
392 156 1054 214 GERMANIA.
1288 177 1358 217 21

96 258 264 319 tracta
284 253 562 314 velamina
580 252 840 334 spargunt
861 253 1089 313 maculis
1108 252 1368 336 pellibus-

97 363 208 420 que
244 339 558 397 belluarum
581 383 597 406 ‚
643 358 776 415 quas
802 336 1040 398 exterior
1068 339 1328 399 Oceanus
1348 387 1371 415 ‚

99 444 265 502 atque
311 421 574 502 ignotum
617 440 770 478 mare
814 419 1011 500 gignit.
1071 421 1190 480 Nec
1229 421 1366 483 alius

96 503 323 565 feminis
363 502 536 582 quam
580 501 709 559 vitis
749 501 969 561 habitus
996 550 1012 575 ,
1069 503 1170 561 nifi
1213 506 1368 586 quod

97 586 321 647 feminee
353 584 539 666 saepius
567 582 727 644 lineis
756 585 1051 645 amictibus
1077 588 1327 648 velantur
1349 638 1369 664 ‚

95 668 301 750 eosque
323 667 559 751 purpura
580 668 793 726 variant
810 715 826 740 ,
857 689 1186 751 partemque
1208 674 1370 732 vesti*

98 752 184 813 tiis
207 751 499 835 superioris
530 751 588 808 in
615 753 858 810 manicas
887 774 1003 809 non
1029 755 1369 831 extendunt,

98 836 261 896 nudae
288 834 512 894 brachia
534 857 595 892 ac
623 834 887 895 lacertos:
917 833 1016 894 sed
1036 844 1093 896 &
1115 839 1369 918 proxima

97 942 217 1001 pars
251 919 486 1001 pestoris
518 937 686 1000 patet.

178 1004 400 1063 XVIII.
423 1003 806 1077 QUAMQUAM
832 999 1018 1061 severa
1041 1000 1156 1061 illic
1179 1005 1371 1063 matri-

98 1086 326 1144 monia:
361 1108 465 1144 nec
490 1085 663 1155 ullam
691 1106 918 1143 morum
943 1107 1160 1163 partem
1190 1091 1370 1171 magis

101 1167 409 1232 laudaveris
443 1193 455 1227 ε
498 1191 628 1226 nam
664 1169 833 1249 prope
866 1165 968 1227 soli
1006 1169 1371 1234 barbarorum

96 1251 322 1334 fingulis
354 1251 615 1310 uxoribus
639 1251 893 1310 contenti
919 1249 1044 1310 sunt
1069 1299 1085 1324 ,
1126 1257 1370 1337 exceptis

104 1334 417 1396 admodum
442 1335 627 1415 paucis
648 1379 664 1406 ‚
697 1334 796 1414 qui
822 1356 939 1392 non
962 1334 1200 1396 libidine
1224 1386 1240 1410 ‚
1277 1338 1375 1399 sed

97 1418 172 1477 ob
205 1417 562 1488 nobilitatem
595 1416 848 1500 plurimis
880 1419 1088 1501 nuptiis
1121 1422 1377 1481 ambiun-

103 1523 207 1561 tur.
257 1503 478 1561 Dotem
504 1524 620 1560 non
646 1523 781 1559 uxor
809 1502 1012 1565 marito
1037 1549 1054 1574 ‚
1093 1501 1189 1563 sed
1218 1505 1376 1566 uxori

99 1584 330 1645 maritus
353 1583 535 1645 offert.
576 1583 856 1649 Intersunt
881 1583 1133 1666 parentes
1158 1595 1216 1648 δε
1243 1612 1378 1672 pro-

101 1669 300 1751 pinqui
317 1715 334 1742 ,
362 1692 423 1727 ac
448 1690 683 1727 munera
704 1668 943 1750 probant
967 1693 979 1727 :
1005 1692 1237 1730 munera
1258 1696 1377 1736 non

103 1752 174 1811 ad
195 1752 421 1811 delicias
444 1750 747 1811 muliebres
768 1750 989 1832 quaefita
1006 1800 1023 1824 ,
1043 1776 1146 1813 nec
1170 1757 1374 1835 quibus

104 1858 250 1893 nova
275 1856 448 1918 nupta
471 1856 724 1894 comatur
746 1857 762 1910 3
806 1832 901 1909 sed
934 1835 1104 1896 boves
1125 1885 1142 1910 ‚
1178 1847 1236 1898 ὃ(
1262 1837 1378 1900 fre-

108 1940 306 1977 natum
330 1942 540 2000 equum
566 1965 582 1990 ,
621 1926 678 1978 δε
709 1916 924 1976 scutum
961 1943 1089 1979 cum
1126 1920 1334 1984 framea
1359 1972 1378 1997 ,

109 2002 426 2083 gladioque.
451 2004 518 2060 In
535 2002 647 2059 haec
670 2023 902 2060 munera
922 2026 1056 2061 uxor
1074 2006 1337 2086 accipitur
1357 2055 1377 2080 ,

107 2106 273 2164 atque
302 2085 546 2144 invicem
571 2083 683 2166 ipsa
706 2105 994 2144 armorum
1017 2085 1231 2168 aliquid
1253 2091 1374 2149 viro

108 2166 282 2228 affert.
355 2172 480 2228 Hoc
527 2168 840 2226 maximum
884 2168 1172 2230 vinculum
1204 2220 1221 2245 ,
1267 2174 1379 2234 haec

108 2274 304 2310 arcana
332 2249 479 2311 sacra
508 2298 524 2322 ‚
574 2251 673 2309 hos
705 2251 1023 2333 conjugales
1058 2254 1194 2313 deos
1230 2256 1380 2316 arbi-

112 2354 340 2395 trantur.
379 2338 467 2396 Ne
497 2333 549 2393 se
575 2333 778 2394 mulier
803 2355 953 2393 extra
979 2336 1248 2396 virtutum
1278 2363 1378 2399 co·-

114 2419 406 2498 gitationes
424 2467 440 2491 ,
463 2438 722 2499 extraque
742 2416 1020 2478 bellorum
1038 2419 1184 2478 casus
1199 2444 1377 2504 putet,

112 2499 235 2577 ipsis
267 2502 580 2584 incipientis
612 2502 962 2560 matrimonii
993 2502 1239 2584 auspiciis
1273 2506 1375 2565 ad·-

112 2605 376 2652 monetur
401 2632 419 2659 ,
464 2585 653 2646 venire
694 2583 752 2646 se¹
793 2584 1049 2647 laborum
1095 2588 1376 2671 periculo-3
