1700 2984
389 162 1051 228 GERMANIA-⁴
1295 192 1361 243 33

93 269 129 330 *a
153 289 310 350 tergo
332 266 635 348 Dulgibini
658 312 674 336 ,
713 272 770 324 δε
799 263 1069 323 Chasuari
1095 260 1331 323 cludunt
1347 310 1368 338 ,

93 348 322 431 aliaeque
351 370 542 432 gentes
567 346 722 428 ‘haud
755 348 988 428 perinde
1021 367 1364 407 memoratae.

92 432 149 494 A
195 432 384 491 fronte
435 425 584 489 Frisii
630 430 928 509 excipiunt.
988 458 1022 482 cc
1045 431 1364 511 Majoribus

90 512 556 594 „minoribusque
592 510 814 571 Frisiis»
861 514 1199 573 vocabulum
1241 517 1317 574 est
1343 563 1363 587 ,

90 621 157 660 ex
182 596 357 657 modo
375 599 579 657 virium
602 619 614 652 ε
645 616 889 677 utraeque
914 598 1165 656 nationes
1190 596 1363 679 usque

92 682 165 742 ad
196 682 494 740 Oceanum
536 679 740 738 Rheno
784 700 1154 760 praetexuntur
1181 728 1198 752 ,
1243 705 1367 740 am.-

90 766 387 844 biuntque*
415 759 722 822 immensos
774 761 996 845 insuper
1049 762 1195 821 lacus
1232 811 1249 834 ‚
1306 773 1366 824 &

89 847 362 907 Romanis
383 845 627 905 clastibus
653 845 957 927 navigates.
992 845 1182 928 Ipsum
1202 846 1374 926 quin-¹

85 931 262 990 etiam
295 932 594 988 Oceanum
627 928 721 986 illa
753 929 1090 988 tentavimus
1126 954 1138 987 ε
1183 937 1238 988 δε
1274 928 1365 989 su—

87 1009 293 1095 pereffe
341 1013 522 1071 adhuc
567 1011 822 1071 Herculis
873 1012 1162 1072 columnas
1209 1010 1363 1072 fama

86 1096 335 1179 vulgavit
365 1120 377 1154 ι
422 1094 529 1154 five
557 1094 695 1153 adiit
723 1095 990 1155 Hercules
1010 1143 1027 1167 ,
1063 1094 1158 1155 seu
1192 1096 1365 1176 quid-

84 1180 226 1262 quid
241 1179 447 1259 ubique
463 1178 649 1259 magni
663 1177 826 1235 ficum
845 1180 919 1237 est
934 1225 949 1249 ‚
969 1179 1028 1236 in
1048 1178 1363 1241 claritatem

86 1270 203 1340 ejus
231 1257 436 1320 referre
466 1258 856 1320 consensimus,
900 1262 1020 1320 Nec
1049 1260 1232 1320 defuit
1262 1286 1363 1322 au-

86 1346 277 1410 dentia
321 1340 507 1402 Druso
556 1344 899 1402 Germanico
941 1370 954 1403 ε
1009 1342 1106 1404 sed
1150 1344 1362 1405 obstitit

82 1428 347 1489 Oceanus
377 1428 436 1484 in
468 1426 522 1485 se
554 1424 717 1485 fimul
752 1449 923 1508 atque
958 1428 1018 1486 in
1052 1429 1363 1489 Herculem

82 1510 308 1592 inquiri.
352 1512 496 1569 Mox
517 1533 689 1569 nemo
712 1513 951 1571 tentavit
974 1537 986 1569 ε
1015 1509 1361 1593 sanctiusque

83 1590 528 1654 ac'reverentius
566 1593 745 1653 visum
771 1642 789 1668 ,
827 1595 898 1656 de
942 1596 1073 1654 actis
1120 1595 1361 1657 deorum

79 1679 308 1738 credere
331 1725 347 1749 ‚
385 1677 557 1757 quam
589 1675 743 1737 scire.

173 1761 425 1840 XXXV.
450 1763 504 1818 H
520 1781 559 1817 A
581 1783 611 1817 c
627 1784 660 1818 T
677 1785 704 1818 E
723 1783 761 1818 N
781 1785 819 1820 u
838 1785 859 1819 s
889 1760 949 1818 in
974 1757 1358 1823 Occidentem

82 1844 454 1922 Germaniam
475 1843 755 1903 novimus.
789 1846 856 1901 In
877 1846 1358 1926 Septemtrionem

79 1929 295 2010 ingenti
317 1923 459 1986 flexu
483 1926 644 1986 redit.
667 1928 751 1986 Ac
771 1928 955 2009 primo
975 1929 1155 1986 statim
1177 1931 1361 1990 Chau-

78 2034 276 2070 corum
297 2034 430 2091 gens
445 2059 462 2082 ,
490 2032 838 2091 quamquam
860 2011 1090 2092 incipiat
1116 2037 1145 2071 a
1165 2010 1361 2087 Frisiis,

82 2118 144 2153 ac
168 2115 385 2176 partem
408 2093 585 2152 litoris
607 2116 874 2175 occupet,
902 2096 1163 2154 omnium
1181 2143 1197 2167 ‚
1225 2121 1362 2178 quas

78 2177 342 2258 exposui,
383 2176 638 2259 gentium
682 2177 945 2237 lateribus
986 2179 1367 2253 obtenditur}

82 2260 264 2320 donec
307 2262 365 2318 in
411 2263 612 2319 Cattos
657 2260 828 2343 usque
873 2261 1133 2321 sinuetur.
1212 2266 1367 2323 Tam

85 2343 428 2403 immensum
457 2366 731 2403 terrarum
762 2342 1002 2427 spatium
1025 2369 1142 2404 non
1167 2367 1369 2407 tenent

85 2427 306 2485 tantum
326 2428 546 2487 Chauci
567 2476 584 2501 ,
614 2426 709 2488 sed
734 2437 791 2488 δε
816 2428 1058 2511 implent
1084 2454 1096 2487 ι
1123 2430 1365 2513 populus

82 2509 230 2568 inter
284 2512 598 2570 Germanos
656 2511 1021 2571 nobiliffimus
1058 2548 1078 2584 ι,
1145 2515 1361 2594 quique

83 2593 540 2676 magnitudinem
566 2593 722 2656 suam
749 2595 909 2657 malit
941 2595 1145 2679 justitia
1171 2599 1312 2660 tueri
1342 2622 1355 2659 ς

996 2681 1113 2740 Bv
