1663 2958
210 137 535 203 DiAtoous
584 162 655 198 DE
701 140 1130 201 ORAToRinUS.
1224 158 1341 219 151·

0 285 3 297 ι
34 242 293 318 „.aemuli,
334 241 522 315 ferro,
563 265 679 299 non
710 240 939 299 rudibus
965 240 1337 298 dimicantes,

0 342 1 346 ’
48 324 159 403 ἱ[επὶ
192 328 530 384 auditorium
566 323 784 404 semper
817 323 1086 405 plenum,
1123 321 1342 404 semper

46 430 319 479 ·novum,
360 431 425 466 ex
450 406 652 464 invidis
680 416 736 464 ἃ
760 403 1116 476 faventibUS,
1151 426 1210 462 ut
1236 428 1341 464 nec

64 490 208 550 bene
248 490 394 547 dicta
433 488 917 547 dissimularentur.
985 453 1141 546 Scitis
1182 490 1338 547 enim

62 596 324 653 magnam
362 572 518 631 illam
556 581 613 632 δε
643 572 965 629 duraturam
1003 572 1338 651 eloquentiae

60 654 270 716 famam
314 679 429 712 non
475 653 659 713 minus
700 655 759 712 in
806 654 1029 713 diversis
1069 654 1339 712 subselliis

46 799 49 801 ,
99 739 234 797 arari
295 762 464 818 quam
487 738 623 797 suis:
652 738 975 817 quinimmo
998 737 1335 796 constantius

45 763 272 903 surgere
311 823 432 894 ibi,
472 821 690 881 fidelius
726 821 1092 879 corroborari.
1139 821 1335 922 Atque

47 905 281 968 hercule
324 903 424 964 sub
467 901 742 986 ejusmodi
781 902 1205 987 praeceptoribus
1247 912 1336 982 ju·-

41 989 210 1049 fvenis
249 987 386 1060 ille,
429 989 499 1047 de
527 1013 641 1069 quo
673 989 997 1068 loquimur,
1043 1007 1336 1046 oratorum

45 1070 190 1130 ‘disci
176 1072 353 1152 pulus
385 1118 400 1142 ,
449 1070 558 1129 fori
598 1073 861 1142 auditor,
911 1036 1144 1130 setitator
1182 1070 1333 1149 judi-

35 1155 312 1247 ciorum,
359 1155 605 1214 eruditus
649 1163 705 1215 δέ
745 1117 1091 1213 adsuefactus
1136 1153 1332 1213 alienis

49 1237 488 1317 experimentis,
541 1239 680 1308 cui,
725 1237 981 1329 quotidie
1033 1237 1333 1310 audienti,

32 1339 195 1380 -notae
232 1318 433 1400 legeS,
476 1342 593 1377 non
632 1342 766 1378 novi
808 1320 1063 1398 judicum
1104 1342 1151 1377 v
1145 1320 1332 1393 dtus,

36 1400 341 1481 frequens
328 1423 386 1458 in
405 1401 578 1460 oculis
597 1400 942 1462 consuetudo
962 1401 1330 1476 concionum,

35 1483 178 1567 saepe
216 1485 451 1565 cognitae
491 1485 684 1567 populi
726 1506 922 1558 aureS,
959 1484 1068 1545 sive
1106 1483 1327 1544 accusa-

32 1569 259 1628 tionem
308 1566 612 1648 susceperat
644 1614 660 1639 ,
718 1567 827 1627 five
883 1566 1329 1627 defensionem
1304 1614 1325 1640 ,

34 1646 186 1711 solus
212 1651 393 1707 statim
420 1658 475 1709 δε
500 1673 638 1709 unus
665 1651 1001 1730 cuicumque
1031 1650 1171 1709 caus
1159 1674 1198 1708 ’c
1223 1673 1324 1732 par

43 1755 176 1794 erat.
213 1733 616 1793 Nonodecimo
644 1756 814 1793 etatis
838 1758 985 1792 anno
1009 1737 1073 1792 L.
1096 1733 1321 1795 Craffus

34 1820 110 1888 JC.
158 1816 524 1890 Carbonem,
568 1838 682 1876 uno
728 1827 784 1878 δέ
829 1815 1096 1876 vicesimo
1139 1815 1323 1876 Caesar

28 1898 403 1960 Dolabellam
436 1947 452 1972 ,
499 1899 676 1960 altero
709 1910 766 1962 δέ
801 1898 1067 1961 vicesimo
1095 1899 1318 1962 Asinius

23 1982 221 2058 ..Pollio
265 1986 336 2042 C.
376 1986 664 2045 Catonem
694 2033 710 2057 ,
765 2008 882 2043 non
930 1982 1111 2042 multo
1159 2005 1318 2045 aetate

39 2067 374 2126 antecedens
397 2068 607 2127 Calvus
636 2069 977 2139 Vatinium,
1013 2068 1077 2126 iis
1106 2069 1312 2128 oratio-

38 2150 200 2209 nibus
232 2150 464 2209 insecuti
490 2150 661 2223 sunt,
705 2176 838 2234 quas
867 2151 1151 2232 hodieque
1181 2175 1312 2212 cum

27 2233 410 2293 admiratione
445 2199 702 2317 legimtis.

121 2318 373 2378 XXXV.
413 2319 502 2377 AT
528 2343 676 2378 nunc
709 2314 1108 2377 adolescentuli
1143 2317 1312 2375 nostri

39 2398 424 2460 deducuntur
411 2425 469 2460 1n
490 2401 673 2462 scenas
699 2399 1187 2472 scholasticorum,
1213 2401 1314 2481 qui

39 2483 287 2542 rhetores
315 2507 622 2545 vzocantur
663 2508 802 2567 quos
841 2482 1026 2567 paullo
1058 2504 1185 2542 ante
1216 2484 1316 2541 Ci-

38 2567 256 2626 ceronis
299 2588 553 2651 tempora
588 2567 881 2643 exstitisse,
921 2590 1024 2626 nec
1056 2564 1313 2647 placuisse

931 2653 985 2710 G
1030 2651 1086 2710 iv
