1663 2958
452 192 1088 253 Aen1c01A.
1330 215 1400 274 59

137 292 305 354 multi
337 293 572 352 retulere
600 316 611 348 :
650 314 827 349 unum
867 292 1187 352 addiderim
1213 339 1231 364 ‚
1272 293 1404 352 nus-

136 400 307 457 quam
338 373 520 437 ‚latius
575 373 857 432 dominari
905 399 1058 436 mare
1092 424 1109 449 ,
1158 375 1406 436 multum

134 459 432 519 fluminum
451 458 557 514 huc
581 476 747 535 atque
771 456 900 516 illuc
921 456 1067 517 ferre
1083 507 1099 530 ‚
1118 482 1219 518 nec
1241 459 1406 520 litore

84 599 92 602 -
133 563 292 602 tenus
309 538 614 600 accrescere
628 560 720 597 aut
737 539 1037 614 resorberi,
1058 541 1152 601 sed
1169 543 1400 604 influere

131 625 352 709 penitus
379 616 544 702 at'que
575 622 790 681 ambire
816 669 834 693 ‚
872 632 928 682 δε
963 626 1107 705 jugis
1142 626 1310 685 etiam
1340 649 1401 686 ac

133 707 422 769 montibus
448 704 611 764 inseri
638 705 790 765 velut
813 706 872 762 in
898 704 1012 765 suo,

215 793 319 849 XI.
355 792 653 848 CETERUM
686 835 703 859 ‚
744 789 1092 847 Britanniam
1120 789 1219 869 qui
1255 813 1405 850 mor-

134 872 270 934 tales
315 873 477 932 initio
520 870 834 944 coluerint,
873 872 1152 954 indigenae
1194 895 1264 930 an
1305 875 1408 932 ad-

136 957 281 1016 vesti
309 1004 325 1028 ,
372 977 431 1015 ut
470 956 616 1014 inter
661 955 962 1029 barbaros,
1008 977 1205 1038 parum
1249 979 1410 1015 com-

136 1061 376 1122 pertum.
426 1039 662 1098 Habitus
690 1061 989 1121 corporum
1016 1039 1151 1098 varii
1183 1064 1195 1096 t
1240 1061 1409 1122 atque

138 1147 206 1183 ex
237 1147 304 1183 eo
334 1144 663 1202 argumenta
689 1147 700 1179 :
746 1145 993 1203 namque
1035 1121 1209 1181 rutilae
1229 1124 1411 1184 'Cale-

136 1207 367 1266 doniam
387 1205 760 1264 habitantium
782 1229 985 1277 comae‚
1012 1206 1203 1288 magni
1230 1227 1375 1265 artus
1391 1254 1410 1281 ,

135 1289 536 1348 Germanicam
565 1289 847 1370 originem
873 1288 1215 1348 adseverant.
1264 1291 1414 1349 Silu-

133 1395 260 1432 rum
289 1371 520 1430 colorati
553 1371 735 1431 vultus
762 1418 779 1442 ‚
826 1380 883 1432 &
914 1372 1048 1431 torti
1074 1372 1409 1455 plerumque

134 1456 312 1515 crines
332 1503 349 1527 ‚
387 1463 445 1515 &
467 1454 640 1536 polita
664 1455 858 1514 contra
877 1454 1143 1538 Hispania
1159 1503 1175 1528 ,
1215 1456 1412 1515 Iberos

133 1559 347 1599 veteres
378 1537 646 1619 trajecisse
664 1587 681 1611 ‚
718 1537 915 1620 easque
944 1538 1099 1599 sedes
1123 1538 1411 1620 occupaffe

136 1621 312 1681 fidem
337 1620 581 1680 faciunt:
612 1623 851 1704 proximi
875 1623 1050 1682 Gallis
1074 1671 1090 1695 ,
1125 1631 1180 1682 &
1206 1622 1412 1683 similes

135 1704 261 1765 sunt
286 1730 298 1762 :
338 1703 430 1764 seu
459 1705 692 1764 durante
716 1706 946 1786 originis
973 1707 1027 1764 vi
1054 1729 1070 1784 3
1107 1705 1200 1764 seu
1226 1753 1242 1777 ,
1281 1729 1411 1788 pro-

136 1788 483 1848 currentibus
513 1789 570 1846 in
597 1788 808 1847 diversa
838 1789 994 1848 terris
1014 1837 1029 1861 ‚
1069 1787 1267 1871 positio
1294 1789 1412 1848 caeli

134 1873 458 1954 corporibus
494 1871 748 1931 habitum
780 1871 940 1930 dedit
965 1898 976 1930 :
1003 1874 1062 1930 in
1087 1871 1409 1931 universum

137 1978 330 2016 tamen
362 1956 649 2014 aestimanti
676 2003 691 2027 ‚
729 1955 922 2014 Gallos
951 1956 1202 2014 vicinum
1228 1955 1413 2015 solum

136 2037 422 2121 occupasse
459 2087 475 2110 ‚
531 2038 798 2098 credibile
847 2041 936 2098 est.
1010 2042 1219 2098 Eorum
1263 2037 1412 2098 sacra

136 2122 542 2206 deprehendas,
560 2121 1008 2201 superstitionum
1031 2121 1374 2205 persuasione
1396 2147 1411 2180 ι

136 2206 321 2268 sermo
345 2206 494 2264 haud
522 2205 769 2264 multum
793 2204 1035 2265 diversus
1067 2232 1079 2264 ε
1113 2207 1172 2263 in
1211 2203 1412 2288 depos-

144 2291 336 2350 cendis
367 2289 623 2373 periculis
650 2289 849 2348 eadem
875 2289 1140 2365 audacia3
1183 2297 1241 2348 δε
1262 2336 1278 2359 ,
1317 2288 1414 2347 ubi

144 2374 439 2445 advenere,
459 2375 517 2431 in
534 2373 907 2432 detrefizandis
927 2373 1127 2432 eadem
1144 2369 1415 2430 formido:

150 2457 271 2540 plus
311 2479 500 2516 tamen
536 2454 753 2515 ferociae
786 2458 1036 2515 Britanni
1075 2453 1372 2537 praeferunt
1397 2502 1415 2527 5

149 2561 211 2599 ut
253 2563 390 2620 quos
432 2540 689 2599 nondum
729 2539 896 2622 longa
933 2565 1033 2623 pax
1072 2538 1416 2598 emollierit:

152 2647 288 2685 nam
311 2622 503 2684 Gallos
533 2646 760 2707 quoque
795 2624 854 2684 in
884 2619 1044 2687 bellis
1069 2622 1302 2681 floruisse
1329 2643 1420 2681 ac«

1090 2707 1237 2787 Cvj
