1663 2958
241 168 325 210 DE
381 147 870 208 ORAToRmUs
924 146 1160 206 NoTAE.‘
1249 168 1357 227 375

87 264 283 314 quoque
314 246 437 295 dedit
461 285 474 306 ,
521 263 569 296 ut
603 263 727 312 patet
753 265 809 296 ex
845 247 940 309 ejus
973 247 1174 293 nummis
1212 244 1364 294 POS-

40 332 43 334 ’
92 313 329 363 TVMVS
365 312 506 361 PIVS
543 312 708 363 AVG.
763 314 819 361 In
855 313 1042 362 advers&
1073 327 1236 378 parte,
1269 312 1363 361 LI·

91 376 460 430 BERALITAS
501 376 664 428 AVG.

162 508 516 558 CLAUDIUS
547 507 908 559 GOTHICUS
936 506 1219 575 congiarium
1243 505 1366 560 dedit

91 573 306 624 denarios
322 574 520 625 ducenos
539 575 872 641 quinquagenos
894 614 911 635 ,
951 573 1145 623 Gallicae
1170 593 1367 625 monetae

87 642 225 689 libras
257 659 347 701 194
364 681 376 702 ,
411 641 500 689 Mi]
519 642 793 693 Vindobon.
828 641 883 688 In
901 642 993 703 ejus
1015 643 1213 689 nummis
1233 642 1366 690 IMP-

90 709 154 756 C.
184 708 528 758 CLAVDIVS
556 706 720 757 AVG.
758 706 828 755 Ex
862 707 1048 756 adversa
1071 724 1200 772 parte
1219 745 1233 769 ,
1268 708 1365 758 LI-

90 773 462 823 BERALITAS
498 772 662 826 AVG.

156 903 589 968 QUINTILLUS
611 903 889 971 congiarium
903 904 1104 970 promisti
1126 942 1143 964 ,
1164 902 1250 967 sed
1275 920 1363 951 non

86 967 250 1030 dedit,
289 971 376 1019 Ms-
396 972 669 1024 Vindobon.
723 972 837 1020 Inde
874 970 991 1020 forte
1025 970 1251 1037 ssispe&us
1287 972 1362 1017 vi·-

84 1035 264 1086 debitur
298 1057 514 1088 nummus
544 1077 558 1100 ,
608 1040 736 1102 cujus
772 1040 981 1086 meminit
1017 1037 1092 1086 Cl.
1129 1036 1369 1096 Banduri,

86 1102 200 1152 ibid.
249 1103 393 1152 Tom.
429 1106 506 1165 II,
545 1122 656 1171 pag.
689 1112 775 1168 361
800 1138 814 1161 ‚
862 1103 993 1152 IMP.
1018 1103 1077 1152 C.
1105 1102 1176 1150 M.
1209 1101 1365 1152 AVR-

86 1166 194 1216 CL.
238 1169 658 1233 QVINTILLVS
693 1168 861 1220 AVG.
917 1171 973 1217 In
1011 1169 1196 1217 adversa
1234 1184 1364 1234 parte

85 1232 525 1285 LIBERALITAS
561 1236 725 1286 AVG.
786 1235 923 1284 Adde
951 1253 1195 1283 nummum
1230 1236 1363 1282 illum

85 1300 174 1348 effe
210 1303 370 1350 incerti
391 1304 596 1363 moduli,
622 1309 666 1350 &
685 1305 733 1350 in
753 1303 879 1364 cujus
904 1303 1087 1351 cimelio
1115 1303 1364 1367 reperiatut

83 1367 100 1413 i
138 1370 308 1415 notari.
331 1370 469 1416 Illum
489 1386 641 1417 tamen
660 1386 902 1416 nummum
924 1384 1150 1416 memorat
1173 1383 1363 1434 quoque

133 1433 162 1480 Ι.
181 1433 236 1480 de
264 1434 390 1482 Boze
410 1473 422 1494 ,
467 1436 558 1484 loc.
577 1437 651 1482 cit.
680 1451 790 1500 pag.
813 1437 923 1492 248.
959 1434 1025 1482 At
1049 1435 1212 1482 erravit
1229 1436 1296 1481 vir
1313 1435 1365 1480 in

83 1514 134 1546 re
178 1501 436 1548 nummaria
473 1501 758 1565 peritissimus
786 1538 799 1560 ,
841 1498 950 1548 edm
982 1502 1253 1548 existimavit
1287 1514 1366 1548 aut

83 1565 213 1612 nulla
233 1565 289 1613 ab
310 1567 666 1631 Imperatoribus
688 1566 910 1614 Romanis
929 1567 1089 1631 postea
1109 1566 1213 1613 data
1237 1564 1368 1614 fuiffe

83 1632 324 1697 congiaria
348 1670 362 1693 ,
401 1647 477 1681 aut
509 1649 671 1681 eorum
709 1648 928 1680 nummos
960 1650 1059 1680 non
1087 1633 1274 1681 exstare.

146 1761 593 1811 AURELIANUS
648 1760 930 1827 congiarium
977 1760 1100 1813 dedit
1150 1760 1366 1813 denarios

82 1826 378 1893 quingenos,
424 1827 618 1876 Gallicae
671 1844 870 1876 monetae
920 1827 1056 1876 libras
1101 1835 1191 1892 389
1222 1868 1235 1890 ,
1276 1827 1366 1877 Ms.

89 1891 367 1944 Vindobon.
421 1893 569 1944 Nulla
599 1895 814 1947 exstatin
850 1897 1052 1943 nummis
1090 1897 1333 1943 memoria.

153 2024 455 2075 TACITUS
487 2065 500 2088 ‚
565 2025 957 2076 FLORIANUS
993 2061 1009 2082 ‚
1065 2024 1326 2074 PROBUS
1350 2064 1365 2086 ,

88 2090 312 2141 CARU'S
345 2095 585 2159 congiaria
620 2111 717 2139 non
751 2093 913 2140 dedere
933 2132 945 2154 ,
982 2089 1069 2139 ΜΕ
1090 2091 1365 2141 Vindobon0

85 2158 225 2206 Multi
247 2176 398 2207 tamen
418 2161 590 2207 exstant
608 2161 783 2205 nummi
803 2159 1097 2223 Imperatoris
1123 2157 1234 2214 Cari
1259 2174 1366 2206 curn

86 2222 382 2291 inscriptione
416 2224 877 2275 ABVNDANTIA
911 2222 1076 2274 AVG.
1125 2224 1216 2271 Sed
1246 2222 1365 2273 fort&

86 2306 173 2341 nec
208 2294 375 2343 viritim
400 2331 414 2353 ‚
451 2309 539 2340 nec
571 2291 696 2357 plebi
726 2290 807 2339 has
839 2291 1106 2357 largitiones
1139 2289 1300 2338 divifit.

153 2421 451 2478 CARINUS
477 2431 520 2473 &
543 2423 593 2471 N
598 2421 1001 2471 UMERIANUS
1026 2420 1264 2488 congiaria
1286 2419 1367 2471 de-

84 2503 251 2554 perunt
269 2507 470 2538 nummos
489 2489 739 2555 quingenos
753 2527 770 2547 ,
797 2488 989 2537 Gallicae
1012 2504 1207 2536 monetae
1229 2488 1363 2537 libras

92 2558 203 2617 389.
240 2555 326 2602 ΜΓ.
345 2556 619 2606 Vindobon.
647 2555 787 2604 Tunc
807 2558 1047 2622 congiaria
1073 2556 1160 2602 dici
1182 2570 1366 2620 coepere

87 2618 387 2673 abundantia.
432 2624 545 2674 Inde
581 2624 629 2671 in
661 2625 861 2674 nummis
904 2638 998 2675 tum
1031 2622 1227 2683 Carini,
1268 2635 1366 2669 tum
