1663 2958
326 164 448 202 210
536 140 614 199 IN
657 136 959 196 LinRUM
1005 155 1092 196 DE
1135 135 1506 211 Monuni&

331 237 494 289 lanced
515 253 596 299 pro
627 234 799 284 duobus
810 232 975 300 solidis
996 233 1166 284 tribuat
1177 272 1192 296 ,
1221 250 1496 299 acceptorem
1514 241 1636 351 ηόήζ

330 303 544 353 domitum
566 307 585 362 (
600 301 648 350 id
666 303 728 350 est
746 303 1012 367 accipitrem
1030 303 1247 364 juvenem
1269 319 1356 351 nec
1374 305 1611 361 venationi
1629 363 1633 368 .

332 371 662 429 exercitatum)
690 386 773 432 pro
807 368 952 418 tribus
965 367 1130 432 fhlidis
1160 368 1363 427 tribuat,
1399 386 1585 418 commor
1623 368 1627 422 [

313 437 424 503 sum
454 433 694 501 gruarium
737 434 826 500 (id
862 436 924 483 est
964 437 1230 500 accipitrem
1261 474 1273 496 ,
1316 437 1395 502 qui
1429 434 1632 484 morde:

332 520 497 569 gruem
519 540 532 563 ,
567 499 641 549 seu
678 504 758 568 qui
785 504 835 549 in
863 504 1107 550 venatione
1139 518 1306 568 gruum
1335 503 1398 550 est
1434 503 1633 575 exemi-55,

332 585 489 630 tatus3
534 568 644 616 inde
685 567 834 617 adhuc
873 568 1006 616 nobis
1044 567 1228 616 Gallice
1268 568 1334 617 les
1358 567 1565 634 grueries
1586 569 1634 639 >2

326 652 408 699 pro
431 634 520 699 sex
537 632 702 699 fialidis
733 635 902 684 tribuat
927 673 940 697 ,
974 649 1254 697 acceptorem
1279 648 1500 682 mutatum
1526 632 1639 698 (545,-

330 703 417 762 est,
437 703 703 765 accipitrem
722 705 799 768 qui
820 703 1000 768 plumas
1021 703 1237 761 mutavit,
1272 693 1458 749 Gallice
1482 699 1623 761 apresj

331 766 379 816 la
412 768 549 830 mue)
582 785 662 831 pro
697 766 927 818 duodecim
942 766 1107 833 solidis
1138 768 1326 817 tribuat.
1358 768 1482 833 Leg.
1540 767 1637 815 120(

336 832 550 900 Quodsi
582 851 681 882 cum
720 850 907 901 argento
936 834 1114 899 solvere
1155 834 1396 900 contigerit
1420 872 1433 894 ,
1460 830 1631 898 fiilidaf·¹

335 898 570 949 duodecim
599 899 811 950 denarios
831 900 986 965 ,ficut
1021 901 1273 965 antiquitus
1306 899 1365 965 est
1398 895 1632 964 constitu-f

334 980 444 1017 tum.
495 966 679 1014 Solidus
718 968 796 1015 ille
841 967 1167 1032 Ripuariorum
1207 967 1389 1017 valebat?
1421 964 1633 1014 Gallicae

333 1047 531 1082 monetae
562 1033 698 1080 libras
733 1032 875 1081 ferme
907 1052 953 1091 4.
992 1032 1128 1080 Nihil
1150 1033 1370 1080 hocloco
1396 1033 1620 1097 praestan-

334 1101 420 1149 tius
440 1138 452 1159 ,
487 1115 535 1146 ut
555 1097 902 1147 Germanorum
923 1116 1075 1146 mores
1099 1097 1302 1166 opesque
1327 1099 1619 1146 aestimentur.

401 1163 522 1213 Pars
548 1164 716 1214 mulrae.
755 1165 906 1214 Multa
936 1166 1015 1213 illa
1046 1166 1208 1230 passim
1237 1169 1286 1214 in
1323 1167 1429 1230 lege
1461 1163 1634 1214 Salicss‘

336 1231 595 1296 appellatur
612 1230 830 1293 fredum,
867 1231 915 1280 id
951 1233 1012 1279 est
1045 1249 1137 1292 pax
1158 1266 1173 1290 ,
1213 1229 1341 1297 quod
1371 1230 1622 1280 solveretur

334 1300 436 1364 regi
467 1297 538 1345 vel
569 1300 771 1358 civitati,
808 1297 934 1365 quasi
962 1299 1183 1346 tutoribus
1214 1291 1631 1364 firmatoribusque'

335 1365 464 1429 pacis
487 1381 540 1411 ac
567 1363 809 1413 securitatis
840 1364 1050 1429 publicae.
1106 1363 1215 1413 Hac
1249 1365 1306 1413 de
1341 1382 1390 1413 re
1428 1382 1452 1412 e
1491 1364 1627 1430 regi&

339 1428 540 1478 disseruit
572 1430 650 1479 Cl.
676 1431 732 1478 de
762 1430 1088 1497 Montesquieu
1107 1467 1120 1492 ,
1153 1430 1309 1494 Effirit
1343 1429 1424 1480 des
1501 1429 1625 1493 oix',‘

330 1493 512 1556 XXX,
534 1516 612 1544 20.
630 1496 695 1544 At
715 1496 839 1545 idem
862 1496 1187 1563 Cl.Scriptor‚
1206 1497 1297 1546 loc.
1315 1498 1394 1546 cit.
1416 1514 1520 1562 cap.
1541 1514 1624 1558 19,

338 1564 555 1627 opinatur
589 1561 853 1611 Germanos
887 1563 1038 1611 adhuc
1069 1562 1196 1611 fuiffe
1223 1565 1272 1610 in
1300 1564 1413 1611 statu
1445 1578 1619 1612 naturae

338 1643 549 1694 tempore
561 1626 732 1677 Taciti.
753 1629 846 1678 Cui
864 1631 939 1677 vix
960 1628 1185 1678 assentiar.
1200 1629 1302 1677 Ubi
1323 1631 1447 1677 enim
1460 1646 1591 1695 reges
1604 1663 1627 1690 9
1662 1647 1663 1667 1

338 1695 417 1743 ubi
438 1697 668 1756 civitates,
707 1695 783 1743 ubi
816 1694 980 1754 freda,
1018 1693 1092 1743 seu
1123 1696 1276 1743 multae
1296 1735 1310 1757 ,
1347 1712 1449 1761 quae
1482 1692 1583 1763 regi
1605 1724 1630 1756 r‘

340 1762 414 1809 vel
447 1763 614 1810 civitati
639 1801 652 1822 ‚
687 1762 764 1810 ubi
785 1761 1063 1828 Widrigilda
1083 1801 1096 1823 ,
1129 1762 1176 1810 id
1207 1763 1269 1810 est
1290 1801 1303 1823 ,
1336 1778 1466 1812 certae
1488 1779 1624 1810 com-

338 1827 589 1893 positiones
608 1867 622 1888 ,
654 1845 755 1894 quae
782 1827 866 1894 ipfi
897 1831 977 1895 qui
1008 1829 1263 1877 vindicatur
1283 1867 1294 1889 ‚
1327 1830 1399 1877 vel
1427 1830 1625 1894 propin-

341 1897 443 1959 quis
482 1896 575 1956 ejus
612 1893 899 1943 exsolvantur
925 1934 938 1955 ,
976 1894 1041 1943 ibi
1082 1894 1207 1943 defiit
1241 1897 1376 1944 status
1412 1910 1623 1955 naturae,

321 1961 404 2010 „ibi
436 1962 593 2027 vigent
623 1961 780 2027 legum
810 1964 1022 2026 imperia.

402 2024 468 2075 Ετ
493 2027 757 2090 Principes.
793 2027 956 2075 Paucis
992 2027 1266 2094 explicanda
1304 2027 1446 2074 civilis
1491 2024 1623 2074 Ger-

342 2110 589 2141 manorum
625 2093 852 2157 οἰκονομίαι.
888 2092 1031 2142 Erant
1061 2094 1187 2143 divisi
1217 2096 1266 2142 in
1286 2092 1486 2155 populos.
1525 2092 1626 2142 Aliiss

344 2159 654 2224 regnabantur
669 2200 681 2220 ,
712 2162 774 2208 ibi
797 2177 928 2226 reges
949 2177 963 2205 .·
993 2162 1092 2209 aliis
1114 2161 1286 2225 placuit
1307 2160 1462 2207 civitas
1481 2197 1493 2219 ,
1523 2175 1636 2226 quae¹

345 2228 498 2290 prima
522 2227 583 2274 est
608 2228 868 2292 reipublicae
887 2225 1038 2275 forma
1058 2266 1070 2288 ,
1103 2228 1166 2275 ibi
1186 2225 1432 2289 principes.
1474 2224 1631 2291 Reges*

346 2309 494 2358 regno
511 2332 523 2352 ,
541 2292 772 2356 principes
791 2295 959 2342 civitati
980 2309 1220 2359 praeerant.
1239 2292 1365 2340 Tum
1386 2295 1433 2340 in
1456 2294 1638 2357 regnis,-

348 2373 444 2406 tum
473 2362 522 2407 in
548 2361 800 2408 civitatibus
827 2378 924 2407 rem
951 2362 1192 2409 militarem
1225 2359 1446 2424 regebant
1468 2355 1635 2408 duces-

349 2423 511 2487 Populi
530 2440 679 2474 autem
699 2425 1014 2474 dividebantur
1031 2429 1079 2474 in
1097 2442 1255 2492 pagos.
1273 2425 1349 2473 Sic
1367 2424 1632 2472 Semnones

350 2507 533 2538 centum
548 2496 679 2558 pagis
694 2491 1029 2553 habitabantur,
1044 2509 1091 2540 ut
1109 2493 1279 2540 dicetur
1293 2489 1410 2539 infra
1425 2507 1528 2555 cap.
1547 2507 1566 2553 3
1575 2507 1631 2547 9.-

348 2557 639 2606 Helvionum
688 2576 802 2625 gens
855 2561 1118 2625 quingentis
1173 2560 1305 2624 pagis
1357 2557 1588 2604 incolebat
1611 2581 1638 2619 ,ς

347 2621 469 2676 Plin.
501 2624 589 2686 IV,
623 2641 694 2691 13.
734 2625 937 2692 Singulis
960 2625 1097 2692 pagis
1120 2641 1235 2674 unus
1267 2624 1637 2691 eratprincepsg
