1663 2958
229 120 353 184 ,400⁴
543 105 631 166 ΙΝ
676 104 1183 163 DIALQGUM?

307 209 433 256 CAP.
479 220 526 258 9.
582 200 722 250 Hand
753 200 924 264 miror,
956 201 1193 252 Materne.
1245 200 1511 252 Maternum

240 273 430 336 dialogo
467 268 607 317 finem
640 266 903 333 imposuisse
939 268 1095 319 videre
1134 271 1196 319 est
1229 286 1285 317 ex
1320 269 1374 315 iis
1409 283 1515 334 quae

238 337 501 404 sequuntur.

238 457 425 574 &gfff
460 473 532 507 10.
584 453 647 505 Ur
673 452 798 504 modo*
828 453 942 504 dixi.
981 453 1106 508 Vide
1134 453 1266 521 supra
1303 471 1406 521 cap.
1438 452 1513 501 XI

304 641 433 692 CAP.
474 660 549 694 11.
602 642 740 693 Unus
775 641 971 691 eminere
1006 640 1149 704 coepit.
1199 640 1518 705 Quintilianus

240 727 337 761 tum
356 711 518 758 Romae
537 708 835 776 profitebatur
857 708 1134 757 rhetoricam
1153 724 1311 756 artem.
1331 706 1518 766 Exstant

237 776 390 825 adhuc
412 779 506 839 ejus
537 778 846 825 institutiones
872 779 1082 824 oratoriae
1101 815 1114 836 ‚
1146 777 1376 841 optimum
1398 790 1517 840 pra:-

234 843 645 912 stantiffimumque
673 845 778 893 artis
809 859 1184 900 monumentum.

307 963 436 1013 CAP.
465 984 518 1013 12
571 963 755 1014 Patitur
776 965 1021 1027 exemplar.
1051 964 1120 1013 Ea
1146 965 1219 1013 lex
1238 961 1362 1029 apud
1381 961 1520 1012 Grae-

245 1047 325 1079 cos
348 1070 361 1092 ‚
401 1031 524 1098 apud
554 1033 795 1081 Romanos
825 1035 985 1099 viguit.
1026 1030 1172 1098 Viget
1200 1037 1245 1078 &
1274 1029 1399 1096 apud
1423 1046 1522 1076 nos'.

245 1097 449 1147 Utinam
479 1118 578 1147 non
608 1101 758 1166 vigeat
776 1098 955 1165 semper
971 1118 987 1161 3
1018 1097 1239 1165 deturque
1267 1097 1399 1144 nobis
1420 1097 1524 1146 vin-

243 1181 348 1214 cere
375 1168 566 1234 egregia
588 1206 602 1228 ‚
639 1184 741 1233 quae
777 1168 960 1215 tulimus
981 1205 994 1228 ‚
1026 1165 1323 1231 exemplaria.

314 1284 442 1337 CAP.
466 1304 541 1352 13.
577 1286 967 1353 Eloquentidsud.
1006 1288 1060 1335 In
1096 1286 1326 1337 acerrimis
1350 1285 1528 1335 tantum

245 1354 448 1419 ingeniis
469 1393 482 1416 ,
525 1361 571 1402 &
606 1373 662 1403 ex
701 1357 932 1403 acerrimis
976 1354 1149 1416 causis,
1192 1352 1387 1404 nascitur
1422 1354 1525 1412 elo-

247 1421 454 1488 quentia.
493 1420 629 1470 Nihil
654 1438 808 1469 autem
827 1422 1034 1469 libertate
1056 1425 1219 1473 acrius,

317 1539 444 1588 CAP.
466 1556 540 1599 14.
568 1540 639 1591 Ob
657 1540 856 1603 patriam
874 1542 1056 1589 tannim
1082 1540 1131 1591 Cr
1149 1541 1391 1604 publicam.
1411 1539 1531 1589 Haec

252 1603 353 1656 sunt
369 1606 581 1672 suprema
595 1608 918 1673 Supplementi
936 1609 1076 1656 nostri
1096 1608 1233 1658 verba
1250 1608 1308 1658 ab
1326 1610 1378 1658 iis
1395 1606 1501 1674 ipfis
1515 1645 1528 1669 ‚

253 1688 356 1740 quae
381 1691 491 1722 mox
519 1675 766 1742 sequuntur
785 1713 798 1735 ‚
833 1673 931 1722 satis
956 1674 1172 1724 indicata.

321 1739 436 1789 Rern
464 1742 668 1807 cogitare
691 1780 706 1798 ,
741 1740 856 1790 nihil
879 1740 1059 1789 humile.
1095 1742 1336 1791 Hastenus
1357 1742 1530 1791 Dialo=

253 1823 370 1873 gum>
399 1805 628 1874 supplevi.
672 1807 741 1856 E'a
771 1824 925 1856 autem
955 1808 1093 1859 verba
1122 1808 1283 1857 Taciti
1313 1807 1428 1857 sunt.

322 1938 448 1989 CAP.
468 1938 719 1990 XXXVL
751 1939 991 2005 Consecuti
1009 1941 1140 2006 sunt.
1179 1938 1303 1989 Vide
1323 1957 1424 2007 quae
1444 1939 1532 1991 hac

252 2009 312 2058 'de
338 2024 388 2055 re
414 2005 658 2055 dista'sunt
684 2005 816 2072 supra
843 2008 1020 2055 Annal.
1044 2006 1150 2067 XI,
1185 2023 1230 2062 7.

320 2073 468 2122 Beata
487 2071 728 2134 republica.
744 2073 861 2122 Haec
876 2074 934 2123 ad
947 2073 1215 2138 Principum
1228 2110 1242 2133 ‚
1261 2091 1315 2124 ac
1332 2071 1532 2125 maxime}

254 2137 317 2187 ad
339 2138 610 2204 Vespasiani
634 2140 929 2205 Imperatoris
960 2139 1117 2188 laudes
1146 2138 1328 2189 referas-

323 2204 555 2255 Domibus
584 2206 857 2257 inimicitiae.
897 2207 1023 2271 Quia
1046 2205 1198 2256 invisae
1222 2222 1532 2274 praepotentes

261 2272 442 2321 domus.

254 2364 260 2369 ·
329 2338 466 2401 Apud
485 2338 726 2402 principes,
761 2339 837 2388 Sic
865 2338 984 2387 infra
1012 2357 1114 2404 cap.
1137 2359 1198 2398 40
1219 2378 1231 2399 ,
1267 2339 1319 2386 P.
1342 2340 1501 2404 Scipio
1519 2353 1535 2401 2·

261 2406 391 2473 Sylla
413 2445 425 2467 ‚
458 2405 707 2472 Pompeius
727 2445 740 2466 ‚
767 2406 997 2469 principes
1024 2405 1111 2454 viri
1143 2407 1449 2471 appellantur.

330 2471 607 2521 Exterarum
636 2473 882 2521 narionum.
922 2472 1076 2520 Urbes
1097 2510 1110 2531 ,
1141 2474 1390 2537 provinciae
1407 2510 1419 2532 ,
1445 2489 1533 2521 na.-

268 2539 412 2587 tiones
445 2555 604 2590 exterae
628 2577 639 2598 ‚
685 2555 906 2604 patronos
943 2538 1043 2587 suos
1086 2539 1246 2588 Romae
1283 2538 1535 2589 habebant.

264 2602 543 2673 Exemplum
571 2605 765 2659 vidimus
793 2604 925 2674 supra
950 2624 1060 2675 pag.
1085 2622 1172 2671 345
1190 2645 1204 2669 ‚
1236 2621 1334 2656 not.
1358 2623 1404 2661 Ι.
