1663 2958
294 180 372 247 70
476 169 549 229 C.
597 168 1025 225 CoRNEnn
1077 160 1383 228 ‘'fiacr-rt

389 269 585 327 XXII.
602 265 691 323 TE
705 286 785 323 ΚΤ
804 287 821 321 1
844 288 881 323 U
897 288 918 323 s
951 264 1376 346 expeditionum
1395 285 1579 346 annus

295 373 468 413 novas
509 369 704 431 gentes
742 348 957 432 aperuit
982 396 998 421 ‚
1046 351 1259 409 vastatis
1296 349 1468 432 usque
1502 353 1576 412 ad

285 437 488 496 'Taum
526 437 545 512 (
570 434 811 491 aestuario
837 455 1049 491 nomen
1077 436 1188 512 est)
1221 435 1575 496 nationibus:

291 518 412 601 qu&
436 516 748 576 formidine
778 519 955 577 territi
979 518 1155 577 hostes
1172 566 1190 592 ‚
1223 542 1576 600 quamquam

288 602 683 662 .confli6tatum
723 599 869 660 saevis
907 602 1324 685 tempestatibus
1365 603 1577 662 exerci-

288 707 418 747 :tum
447 734 463 759 ,
517 683 773 745 lacessere
819 710 935 744 non
982 685 1092 744 ausi
1127 710 1139 743 :
1185 686 1576 769 ponendisque

284 770 516 854 insuper
539 769 766 830 castellis
794 768 1030 852 spatium
1054 768 1179 829 fuit.
1203 770 1595 832 Adnotabant·

290 908 294 912 .
336 856 461 916 eriti
488 902 504 927 ‚
551 879 665 914 non
693 854 868 912 alium
897 865 1103 913 ducem
1128 855 1576 936 opportunitates

287 879 554 1001 {beorum
603 936 900 1021 sapientius
942 937 1128 1020 legisse
1169 962 1181 995 t
1237 938 1460 998 nullum
1505 938 1576 999 ab

291 1024 346 1088 A
355 1022 563 1106 gricolil
584 1020 824 1103 pofitum
843 1022 1126 1080 castellum
1143 1042 1239 1081 aut
1258 1024 1313 1081 vi
1331 1023 1576 1083 hostium

284 1128 677 1188 expugnatum
701 1153 717 1177 ³
749 1127 841 1164 aut
865 1106 1120 1188 paetione
1148 1129 1208 1163 ac
1234 1104 1365 1187 fug&
1394 1105 1579 1166 deser·-

290 1210 438 1251 tum.
488 1189 717 1250 Crebrae
746 1190 1103 1273 eruptiones:
1138 1213 1272 1249 nam
1315 1189 1575 1250 adversus

291 1297 482 1335 moras
525 1272 831 1333 obsidionis
862 1321 878 1345 ‚
927 1276 1123 1333 annuis
1163 1274 1334 1357 copiis
1382 1273 1576 1332 firma-

292 1359 500 1419 bantur
529 1384 541 1417 :
577 1360 654 1417 ita
686 1357 967 1442 intrepida
997 1358 1077 1416 ibi
1118 1357 1298 1417 hiems
1322 1406 1337 1431 ‚
1376 1365 1432 1418 &
1473 1357 1576 1417 fibi

290 1443 531 1526 quisque
555 1440 803 1526 praesldio
826 1491 842 1516 ‚
873 1442 1053 1501 inritis
1079 1442 1321 1501 hostibus
1345 1489 1362 1514 ,
1394 1441 1577 1522 eoque

288 1527 715 1610 desperantibus
755 1574 771 1598 ‚
847 1526 980 1607 quia
1036 1525 1185 1584 soliti
1208 1569 1212 1572 -
1239 1525 1575 1609 plerumque

288 1611 505 1672 damna
526 1611 713 1669 aestatis
735 1610 981 1669 hibernis
1003 1609 1296 1669 eventibus
1318 1609 1576 1690 pensare,
1617 1638 1621 1641 ’

285 1716 416 1756 tum
439 1697 616 1754 aestate
641 1716 809 1776 atque
834 1694 1022 1753 hieme
1038 1693 1188 1776 juxtzl
1201 1693 1571 1776 pellebantur.

287 1782 413 1842 Nec
461 1778 729 1862 Agricola
776 1801 1050 1858 umquam
1098 1802 1197 1860 per
1244 1778 1379 1837 alios
1427 1780 1573 1860 gesta

288 1864 485 1924 avidus
514 1862 812 1944 intercepit
838 1887 850 1921 ε
879 1861 972 1921 seu
1002 1862 1255 1920 centurio
1272 1909 1289 1934 ‚
1327 1861 1421 1921 seu
1444 1886 1574 1945 prae-

288 1946 498 2020 februs,
522 1949 910 2030 incorruptum
934 1943 1066 2003 faeti
1090 1947 1286 2004 testem
1311 1945 1573 2008 habebat.

288 2032 466 2115 Apud
490 2029 766 2115 quosdam
792 2029 1044 2089 acerbior
1065 2030 1125 2087 in
1149 2029 1414 2090 conviciis
1444 2054 1573 2089 nar-

288 2118 515 2176 rabatur
535 2141 547 2173 z
569 2136 629 2174 ut
647 2136 763 2175 erat
787 2114 948 2173 bonis
974 2114 1149 2172 comis
1170 2162 1187 2187 ,
1213 2114 1290 2173 ita
1313 2114 1571 2174 adversus

287 2200 471 2261 malos
501 2199 834 2282 injucundus
854 2221 871 2254 τ
910 2196 1162 2258 ceterum
1191 2221 1256 2257 ex
1283 2197 1571 2257 iracundi&

285 2285 433 2345 nihil
476 2281 754 2367 supererat
792 2307 803 2341 ε
860 2280 1133 2342 secretum
1184 2290 1242 2342 δε
1286 2280 1569 2341 filentium

289 2377 408 2449 ejus
442 2393 558 2429 non
599 2369 867 2428 timeres:
904 2365 1180 2426 honestius
1215 2365 1443 2448 putabat
1480 2365 1573 2426 of-

285 2453 526 2515 fendere
551 2500 566 2524 ,
607 2452 781 2533 quclm
815 2448 1009 2509 odisse,

374 2539 598 2597 XXIII.
655 2538 942 2611 QUARTA
992 2535 1134 2592 aestas
1189 2531 1515 2592 obtinendis
1545 2577 1565 2604 ,

289 2642 411 2704 quae
443 2641 789 2706 percurrerat
812 2666 829 2693 ,
874 2616 1192 2700 insumpta:
1231 2641 1291 2678 ac
1322 2614 1360 2674 fi
1395 2616 1564 2677 virtus
