1663 2958
301 139 1155 186 CHRONOLQGICA.⁴
1257 144 1381 202 419

110 218 287 272 {enanis
307 263 319 284 ,
352 223 524 274 Drusus
548 243 558 271 ε
594 224 795 288 corrupti
818 221 895 287 spe
914 261 927 283 ‚
957 239 1032 271 aut
1053 220 1168 271 illufi
1194 240 1276 287 per
1302 226 1383 271 in-

106 290 422 401 }fffficeffionem
442 290 567 339 socii.
609 290 721 337 Inde
743 289 912 337 bellum
933 289 1159 339 Italicum.
1196 289 1379 342 Annal.

196 394 209 415 >
243 375 320 415 27.

106 449 318 510 ANNUS
344 455 418 512 U.
444 454 512 512 C.
535 473 774 510 Dcrxvx.
818 453 966 510 Ante
996 455 1254 531 Cf'zrzstum
1281 457 1374 511 88.

175 547 535 599 Mithridaticum
569 550 755 599 bellum.
803 544 1103 599 Athenienses
1133 551 1242 598 socii
1277 548 1378 599 sunt

105 613 386 664 Mithridatis
406 615 617 665 adversus
639 617 830 666 Sullam.
864 616 1038 665 Annal.
1059 618 1130 676 ΙΙ,
1164 631 1239 676 55.

176 680 302 732 Juffu
315 686 433 749 regis
445 683 718 731 Mithridatis
737 682 859 746 apud
880 686 1065 732 cunclas
1078 682 1194 730 Afiae
1210 682 1373 731 insulas

108 751 155 793 &
178 746 309 795 urbes
333 750 610 797 trucidantur
630 749 847 798 Romani.
873 749 1046 797 Annal.
1069 749 1159 808 IV,
1184 767 1256 808 14.

171 813 292 873 Coi,
328 813 466 862 fidem
498 814 622 864 suam
658 831 751 863 tum
786 817 958 875 testati,
989 820 1107 864 cives
1135 815 1373 864 Romanos

101 880 281 942 templo
301 879 548 946 AEsculapii
571 882 803 930 induxere.
837 882 1012 930 Annal.
1035 882 1122 942 IV,
1149 899 1221 939 14.

167 944 317 994 Multa
342 948 609 995 eorumdem
637 951 684 996 in
715 950 942 1014 populum
967 949 1235 997 Romanum
1265 963 1368 996 me-

95 1013 183 1058 rita
206 1050 217 1070 ,
254 1009 476 1080 sociaeque
507 1016 725 1064 vietoriae.
760 1015 935 1063 Annal.
959 1013 1089 1076 XII,
1125 1020 1201 1063 61.

166 1076 443 1127 Graviffimo
473 1082 520 1127 in
551 1078 807 1129 discrimine
829 1082 1046 1129 exercitiis
1067 1121 1079 1141 ,
1114 1082 1175 1129 ob
1198 1079 1368 1146 asperi-

101 1157 239 1192 tatem
259 1144 421 1194 hiemis
441 1153 485 1193 &
507 1150 748 1212 penuriam
760 1148 911 1207 vestis,
937 1146 1039 1195 cum
1058 1148 1103 1196 id
1121 1148 1368 1214 Smyrnam

95 1211 147 1258 in
181 1214 459 1260 concionem
491 1217 749 1262 nuntiatum
779 1212 930 1274 foret,
964 1232 1125 1263 omnes
1144 1253 1155 1274 ‚
1185 1216 1264 1279 qui
1285 1214 1369 1262 ad-

96 1277 273 1326 stabant
292 1317 303 1337 ,
332 1279 564 1327 detraxere
583 1281 767 1345 corpori
792 1284 1024 1346 tegmina,
1054 1278 1369 1347 Romanisque

95 1345 359 1409 legionibus
380 1345 610 1394 miserunt.
639 1346 815 1394 Annal.
837 1346 925 1406 IV,
951 1355 1025 1405 56.

159 1410 341 1456 Bellum
366 1413 511 1458 civile.
552 1411 713 1458 Multae
734 1417 779 1457 ὃς
807 1411 990 1459 diversae
1012 1413 1153 1478 leges.
1188 1409 1368 1459 Annal-

88 1475 160 1523 ΠΙ
179 1513 191 1534 ,
227 1493 305 1531 27.

160 1539 336 1589 Marius
370 1547 414 1587 &
442 1541 568 1589 Sulla
600 1541 656 1588 de
691 1540 966 1603 judiciorum
1003 1542 1100 1605 jure
1135 1539 1368 1607 praecipue

94 1606 280 1654 bellant.
320 1607 493 1654 Annal.
514 1606 612 1654 XII
634 1646 645 1666 ‚
679 1615 755 1655 60.

162 1671 202 1720 E
216 1672 350 1737 plebe
368 1672 527 1720 infima
543 1673 600 1721 C.
612 1672 803 1733 Marius,
818 1675 1100 1722 &nobilium
1113 1670 1365 1721 saeviffimus

90 1737 152 1787 L.
177 1739 305 1788 Sulla
326 1778 339 1799 ‚
377 1741 544 1788 vi6³tam
570 1742 705 1789 armis
732 1740 985 1790 libertatem
1010 1744 1058 1790 in
1085 1740 1368 1788 dominatio-

91 1823 200 1853 nem
227 1821 419 1853 vertunt.
447 1804 662 1866 Hist.11‚
697 1811 773 1869 38.

156 1870 249 1921 Cn.
266 1870 516 1936 Pompeius
533 1873 885 1920 oclavodecimo
905 1875 1041 1922 aetatis
1062 1890 1188 1921 anno
1212 1872 1365 1922 civilia

91 1936 212 1985 bella
245 1935 441 1987 sustinet.
472 1937 649 1986 Annal.
671 1938 790 1987 XIII
810 1978 822 1998 ,
857 1947 899 1985 6.

157 2002 249 2051 Cn.
271 2002 521 2069 Pompeius
547 2005 700 2053 Mario
726 2005 946 2071 Sullaque
971 2005 1193 2051 occultior
1213 2041 1226 2063 ,
1262 2020 1362 2050 non

90 2070 273 2118 melior.
319 2068 377 2119 Et
407 2088 661 2134 numquam
697 2074 855 2136 postea
889 2068 971 2117 nifi
1008 2070 1065 2118 de
1099 2070 1363 2136 principatu

95 2136 344 2202 quaefitum.
383 2135 604 2198 Hist.11,
639 2142 715 2200 38.

93 2230 302 2294 ANNUS
328 2235 406 2292 U:
422 2235 491 2292 C.
517 2256 779 2294 DCvan.
809 2235 956 2290 Ante
985 2234 1244 2309 Christum
1270 2237 1365 2306 87.

161 2331 306 2381 Haud
332 2335 475 2399 longa
500 2332 664 2381 Cinnae
689 2332 960 2380 dominatio.
979 2331 1154 2379 Annal.
1172 2329 1220 2389 I,
1246 2347 1286 2376 1.

159 2397 332 2447 Proelio
349 2438 361 2458 ,
393 2417 487 2466 quo
507 2399 628 2465 apud
644 2399 905 2452 Janiculum
925 2395 1135 2446 adversus
1156 2395 1360 2445 Cinnam

93 2481 355 2532 pugnatum
384 2468 446 2513 est
464 2505 476 2526 ,
510 2466 823 2532 Pompeianus
848 2467 976 2513 miles
995 2464 1180 2512 fratrem
1204 2463 1329 2512 suum
1344 2501 1362 2524 ,.

99 2531 235 2591 dem}
267 2535 456 2598 cognito
477 2531 706 2593 facinore,
739 2531 931 2599 seipsum
950 2529 1175 2580 interficit.
1200 2530 1361 2580 Tanto

100 2601 246 2648 acrior
275 2598 397 2667 apud
421 2601 619 2667 majores
637 2638 656 2666 >
689 2599 798 2654 ficut
824 2600 1055 2654 virtutibus
1064 2599 1231 2712 Sgloria
1249 2637 1265 2662 ,
1297 2601 1370 2649 itae

1133 2681 1176 2726 v>
