1663 2958
274 164 354 203 :or
398 143 900 212 ORATORIBUS
942 154 1179 218 ΝΟΜ.
1278 186 1387 237 393

186 238 504 291 Mutuabimur
520 262 547 292 a
563 244 900 310 Peripateticis.
927 254 1110 304 Locum
1132 257 1253 307 hunc
1271 264 1395 310 resti-

130 306 293 352 tuimus
317 323 371 353 ex
393 307 498 356 Mff.
513 310 664 360 Vatic.
691 314 814 364 Vide
835 321 1038 384 priorem
1054 323 1205 373 Taciti
1227 327 1395 376 editio-

121 386 232 417 nem
253 407 266 429 ,
294 368 438 418 Tom.
457 373 544 433 IV,
571 393 681 442 pag.
710 396 819 444 253.

185 432 387 484 Paratos
410 438 509 500 jam
542 439 677 489 locos.
728 445 817 496 His
858 449 912 498 de
949 451 1062 502 locis
1101 453 1240 505 libros
1279 462 1390 508 oc'to

117 498 412 565 Topicorum
451 505 589 554 edidit
628 507 893 563 Aristoteles
924 556 937 577 ,
982 521 1387 585 Peripateticorum

117 567 350 631 princeps.
385 568 508 618 Vide
528 577 572 619 &
593 572 869 627 Ciceronem
885 620 898 642 ,
922 583 1092 649 Topic.
1112 604 1214 652 cap.
1230 608 1246 636 1
1278 598 1320 639 ὃ(
1345 610 1389 640 2.

185 630 449 684 Academici
492 640 852 703 pugnacitatem.
920 649 1210 701 Academicis
1263 660 1389 706 enim

119 712 218 745 mos
253 701 314 745 est
353 700 401 748 in
441 716 671 769 utramque
710 724 887 770 partem
933 713 1167 780 differendi
1187 737 1209 778 ;
1260 723 1389 789 quod

117 761 178 812 ati
224 765 591 818 exercitationem
627 770 872 840 forensium
915 782 1141 844 causarum
1183 790 1388 846 proxime*

117 829 307 877 accedit.
363 830 677 894 Quintilianus
698 879 711 900 ‚
748 841 946 908 [sistitur.
992 846 1121 898 Orat.
1165 849 1260 899 XII
1284 893 1297 914 ‚
1342 875 1386 903 2.

114 893 348 957 Quaenam
369 899 671 966 philosophiae
690 905 808 955 secta
826 914 974 978 magis
995 914 1051 961 ad
1071 916 1385 981 eloquentiam

114 960 322 1010 conferat
340 964 401 1011 ibi
428 969 659 1031 expendit.
696 971 1046 1039 Peripateticam
1071 988 1114 1028 &
1134 982 1388 1034 Academi-

112 1042 217 1076 cam
242 1033 552 1094 anteponebat
574 1034 742 1085 Cicero
765 1041 867 1088 libr.
886 1043 954 1091 ΠΙ
975 1083 988 1105 ,
1022 1046 1076 1094 de
1098 1046 1317 1099 Oratore.

178 1093 402 1161 Honestas
431 1099 637 1163 quasdam
669 1105 1039 1158 exclamationes.
1070 1112 1384 1166 Exclamatio-

111 1176 192 1208 nes
211 1161 311 1208 illas
330 1167 731 1229 ἀνοικροιυγάσμοιτοι
751 1173 837 1231 ἷερέι
855 1178 1117 1241 appellabat
1131 1180 1353 1244 Epicurus
1366 1224 1382 1247 ‚

105 1223 252 1292 iisque
273 1225 503 1293 saepiffime
525 1235 742 1285 utebatur.
767 1238 992 1307 Exempla
1011 1242 1266 1309 suppeditat
1289 1254 1380 1301 vita

107 1289 298 1357 Epicuri
319 1297 442 1359 apud
460 1298 727 1366 Diogenem
747 1305 983 1356 Laertium
1001 1349 1014 1370 ,
1039 1311 1140 1361 libr.
1163 1332 1233 1362 10.
1254 1316 1382 1367 Vide

107 1374 298 1424 quoque
333 1379 466 1410 notas
501 1364 763 1417 Casauboni
793 1410 805 1431 ‚
847 1390 949 1439 cap.
988 1393 1029 1434 5.
1083 1376 1378 1431 Metrodorus

35 1438 40 1441 ·
102 1438 259 1471 autem
288 1424 530 1492 discipulus
560 1430 644 1480 fuit
675 1432 876 1499 Epicuri.
920 1439 1166 1508 Utriusque
1190 1445 1373 1510 herma,

103 1491 365 1552 conjunctis
414 1496 635 1559 capitibus
667 1537 679 1558 ,
729 1519 932 1566 repertus
979 1508 1041 1553 est
1081 1526 1206 1557 anno
1250 1531 1370 1579 1743

101 1555 266 1604 Romae
309 1558 356 1603 in
401 1559 658 1611 Liberianae
701 1567 900 1617 Basilicae
942 1571 1281 1639 fundamentis,
1329 1597 1377 1631 ut

101 1621 238 1670 docet
268 1621 319 1669 Ρ.
346 1621 549 1675 Galeotti
570 1667 584 1689 ,
615 1628 826 1684 Fz‘corani
862 1635 1065 1688 Gemmas
1101 1639 1331 1708 illustratae
1355 1685 1373 1708 ,

103 1704 216 1753 pag.
254 1696 363 1751 136.

166 1754 310 1802 Artes
338 1756 512 1808 audire.
549 1759 744 1825 Verius,
775 1765 918 1818 adire.

101 1947 208 1997 crim
237 1967 414 2017 tempus
439 1955 594 2024 resque
619 1961 883 2025 postulant,
917 1967 1136 2033 simplicia
1162 1975 1371 2038 quaedam

100 2021 146 2063 &
171 2015 415 2067 uniformia
442 2025 601 2071 artium
626 2029 858 2094 principia
882 2049 906 2078 a
928 2038 1082 2098 peritis
1105 2037 1369 2091 doceamur.
1400 2059 1407 2062 ⁴

164 2080 280 2131 Sine
315 2083 617 2151 ingenuitate.
650 2092 916 2158 Ingenuitas
943 2099 1137 2150 servituti
1158 2110 1370 2170 opponi-

102 2163 188 2195 tur.
219 2147 416 2215 Ingenui
421 2154 533 2216 sunt
558 2195 571 2215 ‚
605 2158 680 2220 qai
706 2177 762 2208 ex
786 2178 929 2211 matre
955 2164 1094 2216 libera
1119 2171 1365 2236 natisunt,

99 2213 280 2280 Digest.
303 2216 405 2264 libr.
432 2220 487 2281 I,
523 2220 576 2270 de
607 2221 743 2274 Statu
773 2226 1027 2292 hominum,
1064 2234 1183 2302 Leg.
1213 2252 1267 2299 ς,
1308 2257 1366 2289 εκ

100 2279 366 2332 Marciano.

165 2346 402 2398 Memoriae
434 2350 653 2410 proditum
687 2357 758 2422 est.
791 2359 920 2408 Idem
941 2365 1094 2427 prodit
1115 2364 1369 2429 Quintilia-

102 2428 213 2471 nus,
243 2411 386 2479 Instir.
409 2413 538 2466 Orat.
560 2418 682 2480 XII,
714 2444 755 2472 2.
782 2426 973 2476 Constat
992 2429 1332 2498 Demqs't'kelzem
1350 2479 1366 2500 ,

92 2477 344 2540 principem
396 2484 590 2532 omnium
639 2486 838 2541 Groeciae
886 2511 1107 2545 oratorum
1140 2536 1155 2558 ,
1207 2499 1366 2569 dedzffe

100 2558 277 2602 operam
306 2543 507 2596 Platoni.
556 2550 682 2600 Nam
717 2555 791 2607 M.
814 2557 1026 2620 Tullius,
1061 2580 1151 2612 non
1188 2580 1361 2619 tantam

86 2607 145 2672 se
180 2608 337 2660 debere
350 2612 523 2680 scholis
555 2616 776 2672 rhetorum
801 2663 818 2687 ,
854 2643 1066 2693 quantum
1106 2628 1371 2744 grademiae

1184 2716 1209 2749 V
