1663 2958
245 146 332 204 'nu
382 142 888 204 ORATomssus
934 137 1174 208 Nom-:s
1255 143 1389 227 (ζῇς

106 240 315 312 sequenti
342 243 609 293 Carbonem
627 240 851 292 accusavit
872 240 1055 290 Crassus
1075 259 1224 291 annos
1249 260 1383 295 natus

108 328 252 358 unum
276 317 320 358 δε
341 312 504 377 viginti
525 349 539 372 ‚
563 326 611 358 ut
633 307 729 375 ipse
749 310 930 358 testatur
950 309 1073 374 apud
1097 310 1382 363 Ciceronem

108 375 211 422 libr.
230 376 298 425 III
318 415 330 437 ,
350 375 404 426 de
429 375 621 425 Oratore
637 413 654 434 ,
687 386 791 440 cap.
813 393 876 433 74
896 413 908 435 ,
942 373 1036 440 ipse
1058 376 1251 426 omnium
1274 394 1380 427 ma-

103 441 290 491 turrime*
312 440 373 490 ad
391 440 599 504 publicas
616 440 774 504 causas
792 439 950 489 acceffi
965 479 978 501 ‚
997 441 1220 507 annosque
1239 460 1381 493 natus

103 523 244 555 unum
273 506 322 557 Cr
347 507 514 574 viginti
534 505 839 572 nohilzffimum
860 506 1079 556 hominem
1099 507 1149 558 ἲν
1169 508 1382 574 eloquen-

102 571 309 638 tzffimum
330 573 378 621 in
391 572 612 639 judicium
632 576 810 621 vocavi.
844 572 1007 622 Postea
1031 574 1247 624 maturius
1269 594 1383 625 ora-

103 653 201 686 tum
231 637 358 687 fuiffe
389 642 506 688 testis
541 640 602 688 est
630 633 803 687 Plinius
827 637 896 696 V,
925 637 1016 705 Ep.
1038 644 1062 687 8
1084 679 1097 701 ,
1134 644 1212 708 qui
1240 641 1380 691 unde-

99 704 302 770 vicesimo
324 707 475 755 aetatis
502 721 624 753 anno
648 703 796 753 dicere
825 704 873 753 in
892 703 997 767 foro
1024 709 1181 770 coepit.
1222 707 1378 757 Nobis

99 787 291 838 quoque
310 790 407 819 non
427 771 608 820 defuere
626 786 906 836 praematurae
923 772 1194 838 eloquentiae
1218 791 1376 823 exem-

99 838 195 902 pla.
243 836 378 887 Visus
407 840 468 886 est
494 837 725 903 superiore
746 835 909 885 saeculo
934 836 1137 889 Jacobus
1160 839 1338 888 Coi-bin
1361 879 1378 902 ,

99 920 240 969 quem
264 903 456 952 Senatus
488 903 740 952 Parifienfis
777 905 826 951 in
856 903 1012 951 album
1042 904 1374 956 advocatorum

97 971 250 1018 retulit
283 987 430 1019 annos
471 969 647 1020 tantum
684 969 900 1019 tredecim
933 985 1089 1018 natum
1123 990 1134 1018 ε
1177 974 1381 1036 primam

101 1035 286 1086 causam
326 1037 510 1103 publice
552 1040 645 1104 egit
682 1037 757 1085 die
785 1035 936 1102 prima
968 1035 1131 1085 mensis
1165 1038 1379 1104 Aprilis,

100 1118 230 1151 anno
269 1112 389 1166 1632
412 1143 426 1164 ‚
460 1106 595 1152 aetatis
616 1104 700 1151 suae
722 1102 1085 1170 quartodecimo.

171 1168 276 1219 Uno
307 1168 357 1218 ἓν
389 1169 612 1235 vigesimo.
646 1169 794 1222 Julius
822 1168 975 1220 Caesar
1007 1186 1136 1218 natus
1158 1170 1221 1218 est
1246 1187 1378 1219 anno

99 1233 167 1284 U.
183 1234 241 1284 C.
261 1252 379 1284 DCLI
391 1253 438 1297 v,
457 1236 731 1286 Cornelium
748 1235 1067 1296 Dolabellam,
1089 1235 1377 1285 consularem

100 1308 146 1349 &
169 1302 495 1368 triumphalem
520 1305 666 1351 virum
691 1342 704 1363 ‚
741 1301 1098 1367 repetundarum
1127 1304 1377 1369 postulavit

99 1384 228 1416 anno
253 1368 323 1416 U.
346 1368 404 1418 C.
436 1385 704 1417 Dcrxxvn
726 1406 738 1426 ,
771 1384 819 1415 ut
855 1369 1030 1415 videtur
1062 1385 1117 1415 ex
1151 1369 1380 1417 Suetonio

101 1435 151 1482 in
172 1433 265 1485 Jul.
284 1433 371 1493 IV,
394 1441 438 1480 &
459 1451 514 1480 ex
531 1433 777 1480 Plutarcho
798 1435 848 1480 in
867 1431 961 1484 Jul.
983 1449 1094 1499 pag.
1115 1438 1228 1491 708.
1246 1432 1378 1500 Ergo

99 1514 209 1548 tunc
235 1501 399 1564 viginti
427 1516 512 1547 tres
532 1538 544 1560 ,
574 1515 651 1547 aut
670 1501 834 1565 viginti
851 1515 1049 1565 quatuor
1074 1518 1222 1549 annos
1243 1516 1378 1550 natus

97 1582 194 1614 erat
226 1563 393 1614 Caesar.

164 1629 337 1680 Calvus
355 1629 612 1682 Vatinium.
645 1629 722 1677 De
743 1630 897 1679 Calvo
920 1629 1092 1677 dic'tum
1115 1629 1247 1695 supra
1267 1643 1379 1700 cap.‘

99 1713 177 1754 17.
199 1697 242 1744 Is
257 1695 500 1747 Vatinium
519 1696 574 1743 de
596 1696 768 1743 ambitu
787 1695 1026 1745 accusavit.
1042 1695 1204 1745 Paucis
1225 1698 1378 1763 Quin-

99 1765 280 1812 tilianus
303 1801 317 1824 ,
352 1761 549 1825 Instisur.
573 1761 704 1811 Orac.
721 1761 819 1809 XII
836 1801 848 1822 ,
885 1770 913 1810 6
932 1801 945 1823 ‚
979 1761 1172 1822 Calvus,
1196 1765 1376 1830 Caefizr,

97 1827 245 1879 Pollio
269 1867 285 1889 ‚
320 1827 508 1876 mulslim
547 1843 652 1877 ante
688 1828 966 1892 quaestoriam
1003 1845 1156 1877 omnes
1193 1848 1379 1884 aetatem

91 1893 352 1963 gravzffimcz
374 1893 555 1958 judicia
590 1893 891 1961 susceperunt.

163 2024 290 2077 CAP.
329 2024 548 2076 XXXV.
594 2024 775 2075 Scenas
805 2025 1186 2093 scholasticorum.
1242 2029 1374 2080 Bene

97 2093 311 2159 Lipfius:
346 2091 557 2158 Appqfite*
573 2092 738 2156 scenas
765 2092 998 2156 appellat,
1030 2093 1128 2143 loca
1145 2095 1192 2142 in
1213 2095 1376 2159 quibus

86 2159 255 2225 fucata
281 2158 361 2209 illa
384 2158 434 2208 fr
451 2158 691 2224 personata
715 2158 965 2225 eloquentia
988 2176 1224 2210 exercetur
1246 2160 1371 2211 velut

94 2243 177 2292 per
200 2226 355 2291 lusiam.

167 2291 406 2342 Ciceronis
436 2306 649 2353 tempora.
689 2291 914 2342 Rhetores
939 2292 1090 2341 Roma
1124 2293 1237 2359 pulfi
1270 2292 1372 2344 sunt

99 2358 292 2411 Valerio
314 2356 503 2408 Messala
526 2364 568 2404 &
588 2358 770 2407 Fannio
792 2360 1017 2408 Strabone
1037 2398 1050 2420 ‚
1081 2360 1337 2410 consulibus
1358 2398 1376 2421 ,

97 2443 224 2474 anno
245 2425 313 2474 U.
336 2425 395 2475 C.
423 2442 602 2474 Dxcnr
625 2465 637 2486 ,
667 2424 844 2475 Gellius
871 2425 986 2485 XV,
1016 2442 1031 2473 1
1049 2443 1089 2473 1.
1127 2426 1276 2475 Natus
1302 2428 1368 2475 est

95 2490 207 2540 vero
228 2491 409 2540 Tullius
428 2532 441 2552 ‚
465 2491 532 2554 Q.
555 2491 778 2558 Caepione
799 2500 842 2541 &
871 2491 936 2555 Q.
955 2492 1151 2541 Serrano
1165 2533 1175 2553 ‚
1198 2492 1369 2542 consu-

95 2559 213 2606 libus
229 2598 242 2619 ‚
264 2577 391 2610 anno
413 2559 555 2613 U.C·
578 2576 828 2614 DCXLVHI
845 2599 863 2627 ‚
896 2561 1003 2612 teste
1023 2559 1189 2610 eodem
1210 2558 1374 2613 Gellio

95 2622 219 2692 XV,
250 2630 328 2675 28.

1080 2691 1123 2747 R
1156 2692 1202 2759 vj
