1663 2958
304 195 424 248 226
518 188 596 243 IN
647 182 951 242 LIBRUM
996 204 1078 241 DE
1128 184 1496 245 Monnms

286 284 500 351 fivirirum
527 280 804 344 eripuerunt.
836 280 959 333 Vide
983 279 1077 343 jam
1103 280 1223 331 dicta
1241 281 1373 349 suprzi
1396 298 1498 348 cap.
1519 282 1549 329 8
1564 302 1590 342 ,κ

303 366 402 399 not.
442 356 485 397 6.
1573 354 1576 358 ’

371 412 593 480 Virgines
612 409 800 460 nubunt.
843 410 1024 461 Contra
1058 411 1166 461 vero
1199 413 1323 479 apud
1345 413 1586 462 Romanos

312 484 361 530 in
388 476 657 528 immensam
683 478 916 526 licentiam
943 478 1236 528 trahebantur
1261 481 1403 546 leges.
1450 475 1602 541 Quod

311 549 367 596 de
388 544 637 598 Thelefinft
663 544 867 593 adulter&
893 548 1095 612 queritur
1117 546 1343 596 Martialis
1363 545 1461 606 VI,
1484 561 1532 603 7.

361 663 472 708 Juzia
500 663 566 703 lex
592 659 744 715 populis
776 672 824 700 ex
852 673 923 715 quo
944 690 955 708 ‚
993 659 1171 713 Faustine
1193 691 1203 708 ‚
1242 673 1381 703 renata
1413 659 1478 714 eft.

419 736 545 792 Atque
577 735 726 775 intrare
756 735 887 775 domos
909 735 1006 787 juffa
1033 735 1223 788 pudicicia
1254 735 1334 788 eft,

365 811 448 853 Aut
471 810 595 851 minus
615 838 624 856 ,
659 818 725 848 aut
755 807 858 848 certe?
888 821 965 847 non
989 807 1077 860 plus
1108 805 1306 859 tricesima
1336 808 1405 849 lux
1437 803 1519 859 eft,

417 884 469 925 Et
498 882 608 924 nubit
638 879 789 922 decimo
815 884 900 933 J'am
930 878 1135 932 Thelefina
1163 881 1270 924 viro.

363 957 462 1012 Quae
493 955 603 997 nubit
631 953 746 995 toties
765 982 775 999 ‚
808 966 886 993 non
916 952 1062 1004 nubit5
1095 955 1278 997 adultera
1307 954 1397 1009 lege
1430 951 1498 1006 efl-

422 1028 607 1080 Offendor
638 1024 787 1068 moechd
808 1024 1055 1081 simpliciore
1086 1027 1228 1068 minus.

301 1136 381 1185 De
412 1132 577 1184 eodem
611 1150 889 1205 argumento
932 1135 1077 1183 multa
1119 1133 1283 1200 passim
1320 1146 1566 1184 occurrunt
1588 1171 1613 1197 ‚.

300 1199 505 1251 maxime
538 1204 662 1266 apud
695 1202 962 1251 Martialem
998 1207 1043 1249 δε
1070 1199 1364 1253 Juvenalem.

372 1267 618 1332 Tamquam
647 1267 999 1318 matrimonium.
1027 1267 1128 1328 Sic,
1161 1269 1231 1316 vel
1254 1267 1475 1315 exstin6³to
1496 1281 1602 1313 ma·-

305 1337 429 1396 rito‚
470 1333 691 1399 superstes
735 1334 952 1383 manebat
998 1336 1284 1382 matrimonii
1325 1332 1435 1381 fides
1459 1370 1472 1393 ,
1513 1347 1602 1396 pro

304 1401 396 1468 qua
455 1403 580 1466 apud
633 1401 882 1449 nonnullas
938 1417 1098 1466 gentes
1143 1417 1239 1449 erat
1291 1398 1603 1448 moriendum.

305 1466 452 1517 Unde
496 1468 544 1516 S.
591 1466 860 1517 Bonifacius
890 1504 903 1527 ,
949 1468 999 1514 in
1048 1465 1192 1531 Epist.
1238 1468 1312 1514 cit.
1376 1462 1602 1522 Winedi,

303 1532 419 1599 quod
437 1529 725 1602 foediffim'um
764 1532 813 1583 ἕν’
849 1531 1141 1581 deterrimum
1163 1549 1313 1598 genus
1339 1529 1565 1581 hominum
1584 1566 1601 1589 ,

304 1614 397 1649 tam
417 1616 580 1666 magno
603 1599 699 1667 {elo
725 1597 1064 1649 matrimonium
1091 1613 1240 1647 mutuo
1274 1614 1422 1647 amore
1450 1595 1607 1661 obser-

299 1681 447 1722 vanc,
494 1682 542 1714 ur
595 1665 754 1716 mulier
812 1663 910 1714 viro
962 1663 1141 1727 proprio
1191 1678 1363 1713 mortuo
1391 1701 1408 1723 ,
1447 1662 1601 1712 vivere

301 1731 511 1796 recuset:
555 1732 605 1784 Cf
646 1729 891 1781 laudabilis
921 1729 1084 1779 mulier
1119 1730 1243 1781 inter
1275 1728 1380 1780 illos
1414 1728 1494 1795 effe
1521 1728 1604 1791 ju-

302 1798 482 1847 dicatur
504 1837 520 1858 ,
557 1817 654 1866 quae
682 1797 866 1861 proprisi
897 1815 1033 1846 manu
1052 1794 1144 1862 fibi
1185 1814 1369 1846 mortem
1404 1793 1603 1854 attulit,

304 1881 352 1913 ut
384 1864 431 1912 in
463 1867 555 1913 unci
588 1865 699 1929 (irae
727 1863 900 1927 pariter
933 1860 1096 1912 ardeat
1132 1880 1231 1911 cum
1261 1861 1358 1911 viro
1375 1861 1478 1926 suo.
1525 1860 1603 1909 De

307 1930 496 1979 Herulis
538 1932 661 1980 idem
707 1930 844 1979 habet
891 1928 1153 1994 Procopius
1186 1968 1199 1991 ‚
1249 1928 1365 1977 Bell.
1407 1926 1601 1976 Gothic.

299 1997 402 2046 libr.
426 1998 485 2045 II.
525 1996 818 2048 Canadenses
848 1997 1013 2063 populi
1046 1996 1178 2044 aliter
1205 1994 1330 2043 suam
1355 1996 1405 2044 in
1431 1995 1600 2043 matri—

301 2065 517 2112 monium
569 2060 906 2113 observantiam
962 2063 1195 2111 testantur.
1267 2060 1428 2110 Primo
1477 2063 1601 2110 enim

299 2133 565 2196 nuptiarum
600 2150 727 2180 anno
773 2128 890 2179 caste
927 2131 1114 2190 vivunt,
1163 2135 1208 2176 &
1242 2128 1274 2176 fi
1313 2145 1407 2195 qua
1439 2129 1602 2176 mulier

302 2196 394 2245 hoc
414 2201 633 2264 temporis
666 2196 811 2263 spatio
842 2196 1036 2264 gravida
1066 2197 1274 2256 videtur,
1304 2197 1362 2243 ab
1386 2194 1602 2243 omnibus

301 2264 525 2315 irridetur.
568 2265 691 2317 Vide
714 2264 765 2312 P.
790 2264 846 2312 de
870 2263 1155 2314 Charlevoix
1178 2302 1189 2323 ,
1222 2262 1316 2310 loc.
1337 2264 1410 2310 cit.
1439 2259 1600 2310 Lettre

306 2329 459 2391 XIX,
494 2349 605 2400 pag.
632 2335 741 2381 286.
786 2332 862 2380 Sic
900 2332 1251 2379 matrimonium
1298 2328 1383 2393 ipfi
1420 2326 1600 2375 barbari

303 2399 486 2446 coluere
503 2437 515 2459 ,
543 2417 590 2448 ut
612 2415 805 2447 omnem
825 2397 1026 2445 libidinis
1051 2395 1361 2462 suspicionem
1388 2410 1594 2443 amotam

304 2464 491 2513 vellent.

371 2529 545 2580 Finire.
564 2529 629 2577 At
651 2529 767 2579 nihil
778 2531 940 2580 Romae
956 2530 1239 2598 frequentius
1266 2529 1378 2590 fuit,
1399 2525 1598 2576 maxim&

304 2597 428 2659 apud
453 2597 609 2645 divites
632 2595 827 2647 feminas
849 2638 861 2659 ,
889 2616 989 2666 quae
1010 2598 1167 2662 parnis
1196 2596 1461 2647 discrimina
1486 2593 1609 2642 hor-1
1648 2641 1650 2647 ,

297 2661 472 2711 rebant.
517 2662 663 2714 Unde
689 2662 927 2717 juvenalis
949 2704 963 2727 ‚
993 2664 1065 2716 VI
1085 2703 1099 2726 ‚
1137 2679 1249 2729 593.
1646 2661 1663 2682 ²⁴
