1663 2958
411 157 1040 222 Aen1coLA.
1284 172 1355 228 91

19 306 22 309 ι
87 257 315 320 visentis
343 306 359 330 ,
404 258 812 319 &libertorum
836 250 1040 335 primi,
1081 257 1138 310 &
1173 251 1358 308 medi-

95 366 291 402 corum
315 341 502 399 intimi
521 337 751 397 venere:
777 335 883 394 five
909 356 1036 393 cura
1058 332 1230 405 illud,
1251 331 1359 393 sive

93 425 376 507 inquisitio
421 441 553 480 erat.
626 422 897 500 Supremo
941 415 1177 496 quidem
1222 415 1358 489 die,

92 526 385 567 momenta
424 502 732 563 deficientis
775 523 871 583 per
909 498 1194 581 dispositos
1235 520 1362 557 cur-

91 590 235 649 sores
261 588 512 648 nuntiata
534 584 814 644 constabat
832 630 848 654 ,
877 582 1034 639 nullo
1062 581 1357 653 credente,

90 670 159 730 fic
181 671 505 741 accelerari,
525 690 645 750 quae
670 666 827 725 tristis
852 664 1085 723 audiret.
1103 665 1358 746 Speciem

90 776 281 815 tamen
326 752 535 812 doloris
586 751 778 809 animo
828 746 1099 827 vultuque
1148 768 1252 825 prae
1302 745 1359 806 se

87 838 218 897 tulit
243 884 261 909 ,
303 834 518 896 securus
559 841 672 914 jam
710 830 829 890 odii
852 877 869 904 ,
909 838 965 889 &
1005 830 1102 909 qui
1140 827 1355 887 facilins

89 918 449 979 diffimularet
508 916 777 1000 gaudium
809 960 825 985 ‚
889 912 1061 992 quam
1115 931 1355 970 metum„

87 1004 226 1062 Satis
267 1000 546 1062 constabat
574 1047 590 1072 ,
635 1000 777 1058 le&o
819 998 1150 1055 testamento
1189 993 1358 1076 Agri-

86 1085 256 1156 colae,
295 1108 408 1165 quo
453 1082 793 1141 coheredem
835 1080 1060 1160 optimae
1098 1078 1255 1135 uxori
1298 1085 1358 1137 &t

85 1168 331 1251 piiffimae
379 1167 500 1225 filiae
539 1163 943 1224 Domitianum
983 1159 1189 1241 scripsit
1214 1206 1231 1231 ‚
1269 1157 1358 1217 lae-

87 1272 267 1309 tatum
309 1272 440 1308 eum
470 1298 486 1323 ‚
533 1246 685 1307 velut
727 1246 942 1303 honore
985 1244 1355 1323 judicioque:

86 1353 205 1392 tam
236 1354 374 1390 caeca
405 1341 461 1392 &
490 1348 745 1410 corrupta
779 1350 938 1385 mens
967 1325 1185 1384 affiduis
1218 1324 1353 1384 adu-

87 1414 386 1475 lationibus
418 1434 534 1472 erat
556 1460 573 1484 ,
608 1433 670 1470 ut
703 1408 936 1470 nesciret
961 1432 992 1466 a
1022 1408 1175 1470 bono
1199 1428 1355 1487 patre

84 1522 201 1559 non
240 1496 404 1558 scribi
443 1495 715 1558 heredem
740 1540 757 1567 ,
801 1492 901 1552 nisi
942 1491 1160 1552 maium
1195 1492 1359 1553 Prin-

83 1583 286 1665 cipem.

176 1664 389 1724 XLIV.
445 1663 654 1720 NAws
702 1678 817 1718 erat
856 1656 1164 1740 Agricola,
1210 1656 1358 1716 Caio

87 1746 298 1807 Caesare
319 1793 335 1819 ‚
373 1743 604 1804 tertiiim
637 1739 895 1812 consule,
939 1740 1129 1800 Idibus
1151 1740 1358 1802 Juniis:

84 1829 302 1890 exceffit
343 1827 493 1888 sexto
537 1835 595 1886 δε
637 1822 1102 1908 quinquagesimo
1158 1845 1307 1882 anno
1337 1869 1357 1895 ‚

85 1913 311 1973 decimo
356 1909 634 1970 Kalendas
678 1908 1032 1991 Septembres
1057 1952 1074 1978 ,
1115 1903 1359 1987 Collega

85 1995 380 2077 Priscoque
411 1992 741 2052 consulibus.
802 1989 975 2065 Quod
1017 1988 1055 2048 fi
1096 1988 1357 2048 habitum

85 2102 312 2160 quoque
335 2085 449 2158 ejus
468 2077 666 2157 posteri
687 2072 910 2133 noscere
930 2054 1106 2132 velint
1121 2119 1138 2143 ,
1159 2070 1357 2132 decen-

85 2164 195 2222 tior
222 2161 392 2243 quam
415 2159 705 2219 sublimior
730 2156 836 2216 fuit
860 2181 873 2214 z
906 2156 1050 2216 nihil
1084 2153 1265 2214 mersis
1293 2155 1357 2216 in

83 2246 243 2306 vultu
274 2270 286 2303 ι
326 2245 499 2325 gratia
525 2244 634 2302 oris
662 2241 940 2325 supererat
965 2265 976 2298 ε
1020 2239 1237 2299 bonum
1267 2238 1355 2298 vi·-

88 2352 214 2388 rum
253 2326 699 2393 facilecrederes
722 2374 738 2398 ‚
782 2347 1053 2406 magnum
1094 2320 1354 2382 libenter.

88 2415 156 2471 Et
197 2411 307 2493 ipse
351 2410 627 2492 quidem3
672 2431 1017 2491 quamquam
1057 2404 1250 2464 medio
1291 2405 1351 2464 in

85 2494 262 2576 spatio
304 2495 531 2575 integrae
570 2495 738 2553 aetatis
775 2513 990 2573 ereptus
1015 2538 1030 2563 ,
1076 2486 1352 2570 quantfiim

86 2577 160 2640 ad
182 2577 417 2663 gloriam
437 2579 463 2653 ,’
491 2576 870 2660 longiffimum
905 2597 1083 2636 aevurn
1115 2572 1353 2657 peregit,
