1663 2958
166 130 283 190 CN.
328 129 486 190 JUL11
538 125 875 188 AGR1COLAE
921 126 1132 187 Nom.
1226 145 1341 204 331

33 223 286 285 LXVII,
326 241 437 291 pag.
463 232 575 282 760.
609 224 714 273 Nos
750 243 946 293 quoque
975 227 1025 274 in
1060 224 1344 290 Appendice

59 288 422 357 Chronologica
451 290 509 338 ad
540 290 663 337 hunc
693 308 882 338 annum.

128 353 330 405 Habitus
354 354 404 405 ἕν’
429 355 597 403 crines.
634 355 711 403 Sic
734 359 782 403 in
800 357 1137 421 Supplemento
1158 355 1335 405 Annal-

56 418 179 469 VIII
201 458 214 479 ‚
255 426 312 484 38
345 460 357 481 ‚
396 420 591 468 vidimus
626 419 793 470 Caium
829 422 1097 488 Caligulam
1130 426 1334 486 proceris

56 488 328 548 corporibus
366 526 378 546 ,
436 493 480 534 &
525 485 715 535 rutilatis
756 489 957 536 crinibus
997 488 1332 538 Germanicam

14 558 22 568 ‘
56 552 303 601 victoriam
336 554 618 601 ementitum.

122 615 261 666 Alius
297 633 552 680 occuparet.
602 617 901 666 Domitianus
927 656 938 677 ‚
981 619 1142 668 alienae
1181 618 1333 668 laudi3

55 679 161 728 osor
181 720 193 741 ‚
224 684 367 731 studia
392 684 477 731 fori
501 723 513 743 ‚
547 683 699 731 civiles
725 698 840 731 artes
860 718 875 741 ,
910 681 1148 751 ipsamque
1170 686 1333 750 philo-

55 745 269 812 sophiam
287 752 336 797 in
351 749 574 798 silentium
590 765 769 815 egerat,
782 751 886 799 virIS
899 787 912 809 ,
929 751 1014 797 hac
1030 751 1166 798 laude
1180 753 1330 812 claris,

52 815 278 878 neglestis
295 853 307 875 ,
339 833 415 864 aut
437 835 491 864 ex
510 815 642 863 Urbe
662 814 819 880 pulfis.
851 815 970 878 Quae
992 831 1143 863 tamen
1166 822 1328 867 omnia

51 876 212 930 frustra
234 882 526 942 recidebant,
561 881 591 928 fi
611 881 836 948 Agricola
860 882 1105 930 militarem
1125 884 1325 948 gloriam

50 962 177 994 nunc
204 965 465 1013 occuparet.
504 947 672 997 Cetera
689 946 863 995 facilius
884 947 1176 1010 diffimulari3
1210 949 1324 997 boni

26 1027 203 1061 ‘autem
228 1015 353 1062 ducis
381 1015 516 1063 decus
537 1052 550 1074 ‚
586 1017 794 1062 virtutem
819 1013 906 1062 effe
932 1017 1171 1079 propriam
1193 1015 1327 1064 Prin-

51 1080 165 1142 cipis
190 1118 204 1140 ,
249 1083 330 1147 qui
362 1081 656 1147 Imperatoris
687 1081 878 1128 nomine
907 1082 1173 1129 exercitibus
1202 1100 1327 1147 prae-

49 1144 175 1196 effer.

115 1210 301 1261 Secreto
309 1212 412 1276 suo,
430 1212 543 1260 Inde
563 1211 735 1259 Plinius
759 1213 808 1259 in
830 1210 1067 1279 Panegyr.v
1080 1211 1298 1263 XLVIII
1311 1250 1326 1274 ,

44 1275 371 1326 Domitianum
389 1278 596 1338 exhibet,
610 1277 1327 1343 tenebrassempersecrecumque

46 1357 334 1404 captantem,
374 1361 456 1392 nec
491 1361 695 1407 umquam
729 1360 787 1391 ex
812 1341 1067 1404 filitudine
1087 1344 1176 1408 fiai
1206 1362 1323 1408 pro<-

49 1405 259 1457 deuncem
286 1446 302 1466 ‚
343 1408 428 1475 nist
449 1408 795 1474 utffilitudinem
811 1406 1009 1470 faceres.

116 1473 349 1539 Reponere
378 1474 541 1524 odium.
576 1473 774 1524 Differre
802 1474 976 1522 odium.

107 1604 236 1653 (ΖΑΒ.
256 1604 364 1653 XL.
386 1603 696 1666 Triumphalia
716 1620 992 1656 ornamenta.
1033 1603 1147 1652 Non
1169 1604 1321 1670 ipsum

44 1671 327 1736 triumphum
349 1711 362 1732 ,
401 1675 480 1737 qui
512 1672 567 1718 ab
601 1689 726 1718 anno
759 1671 902 1718 Urbis
934 1671 1128 1719 conditae
1154 1689 1318 1720 Dcch

40 1739 229 1802 privatis
258 1737 521 1785 hominibus
562 1738 693 1785 tribui
728 1736 884 1797 desiit,
927 1755 973 1786 ut
1005 1735 1104 1785 solis
1136 1737 1322 1786 Princi-

39 1801 176 1865 pibus
192 1801 494 1851 Caesaribusve
510 1802 820 1851 reservaretur.
855 1803 1046 1851 Novum
1066 1804 1178 1850 illud
1201 1805 1319 1853 adu-

36 1868 223 1917 lationis
247 1887 393 1935 genus
415 1872 590 1918 invenit
613 1870 831 1935 Agrippa
851 1908 862 1929 ,
900 1886 946 1918 ut
967 1870 1177 1934 Augusto
1201 1888 1314 1935 gra-

40 1933 301 1986 tificaretur.
362 1936 479 1984 Haec
523 1937 728 2002 pluribus
778 1937 978 2001 explicat
1024 1937 1119 1984 Dio
1164 1937 1316 1998 LIV,

37 2018 149 2066 pag.
180 2008 289 2066 538.
340 2001 632 2051 Ornamenta
665 2019 817 2050 autem
856 2002 1149 2066 triumpha'iia
1185 2003 1312 2051 fuere

38 2070 168 2115 vestis
215 2069 500 2134 triumphalis
531 2108 545 2131 ‚
594 2070 775 2136 aliaque
811 2070 1191 2134 triumphantium
1233 2071 1314 2116 in·-

36 2133 199 2201 fignia.

107 2199 302 2265 Illustrz's
329 2199 494 2255 [ἔπαιζε.
513 2199 829 2266 Triumphalis
852 2216 906 2247 ac
935 2200 1142 2248 laureatae
1164 2202 1314 2248 statuae

35 2269 85 2316 in
122 2265 244 2314 foro.
298 2266 420 2317 Vide
457 2268 588 2334 supra
619 2268 796 2316 Annal.
819 2266 919 2326 IV,
954 2283 1031 2328 23.
1076 2266 1199 2328 XV,
1231 2285 1313 2323 72.

35 2332 159 2382 Hist.
187 2335 210 2380 I
226 2372 238 2393 ,
271 2352 349 2390 79.

102 2397 360 2461 Majoribus
375 2399 658 2464 reservatam.
670 2398 986 2448 Illustrioribus
1003 2397 1314 2452 consularibus

33 2463 321 2527 reservatam.

50 2531 52 2534 ’
104 2529 238 2579 Freto
280 2530 471 2583 Oceani.
507 2531 697 2582 Fretum
731 2529 846 2581 illud
879 2547 1004 2579 nunc
1042 2529 1237 2578 dicimus
1266 2527 1310 2579 Ze

37 2593 137 2648 Pas
170 2596 224 2648 de
257 2595 439 2648 Calais.
