1663 2958
369 158 1022 226 Aon1corAq
1250 196 1319 249 73

0 292 1 298 =
61 258 434 317 &Bodotriam
473 307 489 331 ‚
554 269 610 319 δε
663 264 1050 324 excedendum
1101 270 1282 348 potius
1309 320 1326 344 ,

60 340 276 420 :uquam
307 341 717 421 pellerentur»,
756 346 943 426 ignavi
978 348 1153 430 specie
1194 377 1324 435 pru-

63 423 320 482 dentium
350 423 730 483 admonebant
756 451 768 484 :
812 428 941 487 cum
970 432 1198 493 interim
1229 461 1325 496 co-

62 504 276 587 gnoscit
298 551 315 576 ‚
363 532 395 556 ct
416 506 590 564 hostes
621 506 866 588 pluribus
897 515 1213 593 agminibus
1243 521 1328 578 in-

56 606 424 668 mrupturos».
469 588 555 646 Ac
596 612 666 648 ne
711 589 999 673 superante
1040 622 1278 660 numero
1303 616 1327 675 ,²

56 677 115 729 &
150 668 346 750 peritia
386 671 638 729 locorum
679 673 1092 752 circumiretur,
1147 684 1323 744 diviso

58 760 116 811 δε
150 751 260 832 ipse
294 753 352 809 in
389 774 496 812 tres
543 775 719 833 partes
755 760 996 819 exercitu
1032 763 1259 825 incestit.

136 833 356 893 XXVI.
397 838 613 910 QUOD
651 838 747 896 ubi
794 844 1084 921 cognitum
1133 847 1273 906 hosti
1301 868 1325 922 ,⁴

55 935 270 974 mutato
300 920 524 998 repente
548 919 774 979 consilio
795 970 811 995 ,
849 927 1083 985 universi
1107 952 1321 992 nonam

52 997 336 1079 legionem
357 1047 373 1073 ,
414 1022 474 1058 ut
500 1004 740 1063 maxime
767 1006 1071 1067 invalidam
1099 1059 1116 1083 ,
1151 1020 1316 1075 nocste

51 1081 278 1163 adgreffi
301 1129 317 1155 ,
338 1084 482 1141 inter
505 1082 766 1145 somnum
792 1112 852 1148 ac
880 1094 1316 1173 trepidationem

51 1163 189 1221 caefis
216 1165 474 1247 vigilibus
494 1213 509 1237 ,
533 1168 806 1251 inrupere.
849 1175 1089 1256 Jamque
1111 1179 1168 1237 in
1190 1181 1314 1262 ipsis

50 1247 226 1304 castris
274 1249 632 1329 pugnabant,
677 1252 806 1311 cum
848 1256 1114 1337 Agricola
1142 1309 1157 1333 ‚
1205 1265 1313 1322 iter

49 1329 286 1387 hostium
333 1331 401 1387 ab
449 1331 882 1411 exploratoribus
934 1341 1160 1402 edoctus
1190 1392 1207 1416 ‚
1253 1355 1311 1404 <Sc

46 1411 280 1493 vestigiis
317 1411 588 1472 insecutus
611 1465 627 1488 ,
663 1418 1026 1482 velociffimos
1055 1428 1312 1507 equitum

45 1494 409 1576 peditumque
438 1497 708 1560 adsultare
742 1505 907 1584 tergis
936 1512 1309 1589 pugnantium

40 1577 198 1657 jubet
219 1626 236 1651 ‚
268 1602 398 1637 mox
418 1580 485 1638 ab
506 1584 765 1643 universis
786 1588 949 1666 adjici
971 1591 1304 1654 clamorem:

43 1668 101 1720 &
127 1661 436 1742 propinqua
461 1662 580 1723 luce
605 1664 802 1727 fulsere
835 1669 1016 1752 signa:
1053 1676 1129 1734 ita
1154 1680 1305 1736 anci-

41 1744 145 1825 piti
192 1745 341 1803 malo
388 1747 564 1804 territi
605 1752 893 1810 Britanni:
937 1764 995 1814 Sc
1030 1760 1303 1820 Romanis

41 1825 186 1884 redit
222 1829 476 1906 animus;
523 1853 584 1887 ac
629 1831 801 1893 securi
837 1859 938 1918 pro
976 1837 1147 1901 salute
1172 1890 1188 1914 ‚
1231 1845 1302 1905 de

40 1907 213 1989 gloria
233 1911 540 1971 certabant:
563 1914 707 1974 ultro
729 1918 1039 1998 quinetiam
1057 1947 1302 2008 erupere:

38 1993 99 2049 &'
134 1989 240 2050 fuit
278 2014 430 2051 atrox
463 1996 522 2053 in
559 1997 682 2080 ipsis
719 2022 1003 2080 portarum
1044 2012 1301 2090 angustiis

38 2073 334 2156 proelium,
382 2076 561 2138 donec
601 2081 738 2163 pulsi
777 2085 954 2146 hostes
988 2112 1004 2165 3
1063 2113 1300 2173 utroque

35 2158 276 2217 exercitu
302 2181 546 2222 certante
570 2210 585 2234 ,
622 2166 704 2223 his
729 2213 745 2237 ,
786 2189 844 2226 ut
876 2170 1052 2231 tulisse
1087 2197 1254 2255 opem
1279 2225 1296 2249 ,

36 2238 143 2297 illis
161 2287 177 2312 ‚
209 2264 278 2301 ne
303 2242 505 2323 eguisse
531 2247 732 2306 auxilio
756 2251 1078 2314 viderentur
1100 2281 1113 2314 ι
1144 2261 1297 2337 quod

34 2321 134 2379 nisi
170 2324 393 2404 paludes
422 2335 475 2385 δέ
507 2328 644 2388 filvae
684 2330 959 2413 fugientes
998 2339 1250 2402 texissent
1277 2391 1295 2416 ‚

39 2404 381 2466 debellatum
404 2409 495 2467 illa
520 2413 748 2473 victoria
776 2415 938 2478 foret.

122 2489 368 2549 XXVII.
408 2495 460 2550 C
481 2516 515 2550 U
535 2518 554 2554 J
576 2520 649 2554 US
693 2501 993 2561 constantia
1041 2528 1102 2563 ac
1146 2507 1296 2568 fama

38 2566 191 2630 ferox
213 2574 478 2633 exercitus
493 2625 507 2648 ,
521 2606 552 2630 cc
570 2580 711 2640 nihil
726 2583 915 2645 virtuti
928 2584 1031 2646 suae
1047 2588 1294 2652 invium:

178 2657 327 2715 Tom.
378 2662 442 2719 V
433 2663 479 2718 I.
1077 2672 1139 2731 D
