1663 2958
290 198 403 255 322
552 183 622 229 IN
669 172 974 231 LrnRuM
1019 198 1104 236 DE
1154 186 1339 242 Vra-A

282 291 471 342 quoque
498 289 523 321 a
553 273 771 320 contactu
798 272 1024 323 Romanae
1053 275 1385 330 dominationis
1413 282 1577 329 invio-⁴

279 345 396 390 latos
447 339 743 387 habebamus.
803 338 907 389 Nos
942 380 955 402 ‚
1004 358 1223 394 terrarum
1264 366 1317 396 ac
1358 349 1579 396 libertati‘z

279 425 506 457 extremos
528 445 540 466 ‚
583 404 774 455 recessus
800 406 896 472 ipse
922 425 975 457 ac
1008 409 1127 460 finus
1160 413 1294 461 famae
1322 420 1342 475 (
1357 414 1579 462 audacter·

280 481 325 523 δε
347 472 536 540 egregie
561 473 735 521 dicium
760 512 772 533 ,
813 489 860 522 ut
883 491 1104 525 terrarum
1132 497 1186 527 ac
1208 479 1342 529 famae
1366 479 1468 527 finis
1494 497 1578 528 ex-

277 542 544 608 primatur)
576 542 623 587 in
654 540 778 588 hunc
801 540 922 589 diem
951 543 1173 596 defendit.

345 606 491 657 Nunc
515 606 754 657 terminus.
794 610 864 658 Ita
888 609 988 658 libri
1017 629 1180 661 omnes
1209 611 1358 678 scripti
1383 619 1427 660 ὃ(
1452 612 1583 661 editi.

277 673 345 724 At
371 676 512 723 alium
543 675 788 723 verborum
814 676 1024 725 ordinem
1051 680 1251 739 postulat
1273 678 1371 740 ipse
1391 678 1538 726 sensus
1557 696 1575 741 3
1608 694 1611 695 ’

280 745 324 786 &
347 739 625 805 legendum:
649 738 753 787 Nos
773 752 998 788 terrarum
1011 757 1068 788 ac
1083 740 1312 791 libertatis
1328 759 1577 803 extremos,

280 807 472 872 rectffits
497 804 588 869 ipse
607 803 963 871 acfinusfamae
983 807 1029 854 in
1052 806 1170 857 hunc
1192 808 1309 858 diem
1333 807 1540 872 defendit
1555 830 1580 858 π

224 890 227 891 ’
279 886 419 938 atque
445 889 573 921 omne
602 872 805 938 ignotum
826 888 910 933 pro
936 873 1187 940 magnifico
1212 875 1270 941 est
1290 896 1307 923 :
1334 875 1423 941 fid
1453 892 1580 926 nunc

278 938 503 989 terminus
525 938 790 988 Britanniae
814 953 942 1000 patet
961 960 976 987 :
1015 941 1144 990 nulla
1158 943 1260 1006 jam
1281 941 1404 993 ultra*
1420 961 1574 1010 gens,

278 1003 394 1056 nihil
428 1004 703 1072 nisz'fluffus
732 1003 913 1066 [fluxa
935 1025 953 1054 .·
990 1005 1042 1055 ὓ*
1063 1008 1315 1074 infestiores
1333 1008 1530 1060 Romani
1548 1027 1572 1070 ;

276 1072 327 1122 id
366 1072 430 1120 est
465 1111 479 1133 ‚
523 1072 735 1120 fiuc'tibus
780 1069 987 1140 saxisque
1026 1072 1230 1124 feriores.
1288 1074 1398 1138 Qua
1435 1076 1493 1125 de
1526 1093 1580 1125 re
1650 1120 1651 1124 ,

279 1141 416 1206 plura
450 1138 553 1187 vide
582 1141 632 1187 in
665 1141 823 1205 priore
856 1138 1011 1188 Taciti
1045 1143 1278 1205 editione,
1313 1142 1461 1195 Tom.
1487 1142 1579 1206 IV,

282 1222 548 1321 paffa.

445 1289 583 1322 mare.
625 1271 679 1320 Id
710 1273 774 1321 est
806 1274 946 1325 etiam
974 1292 1102 1323 mare
1131 1274 1399 1325 scrutantur.
1434 1273 1576 1330 Certe
1607 1324 1611 1327 ,
1651 1264 1652 1268 ¹

278 1338 485 1389 Romani
508 1357 633 1387 mare
656 1339 968 1389 scrutabantur
987 1380 1001 1402 ‚
1037 1341 1144 1390 etim
1163 1345 1453 1392 Britanniam
1471 1383 1488 1405 ,
1519 1359 1575 1392 ac

277 1406 479 1455 maxime
517 1406 867 1468 Caledoniam,
903 1424 1132 1472 peterent.

341 1472 443 1523 Soli
491 1473 704 1522 omnium.
775 1472 845 1521 Ex
893 1476 1110 1524 omnibus
1157 1474 1426 1524 hominibus
1473 1473 1575 1524 soli.

280 1535 497 1589 Omnium
534 1540 592 1587 ad
629 1557 742 1604 opes
774 1556 836 1587 ne
872 1539 1057 1589 referas.

342 1604 512 1655 Pacem
532 1605 779 1667 appellant.
807 1606 923 1653 Inde
943 1611 992 1654 in
1015 1605 1310 1673 scriptoribus
1335 1623 1428 1656 tam
1454 1605 1571 1674 saepe

279 1675 478 1721 occurrit
495 1688 591 1735 pax·
610 1670 825 1720 Romana
852 1692 868 1718 .·
901 1677 946 1720 &
968 1676 1019 1722 in
1038 1677 1239 1724 nummis
1259 1673 1413 1724 PAX.
1434 1674 1573 1724 PAX

282 1739 479 1790 ORBIS
514 1737 912 1789 TERRARUM.

348 1872 474 1922 Cap.
499 1871 694 1921 XXXI.
732 1870 1106 1938 Alibijervituri.
1134 1872 1188 1921 Id
1210 1871 1436 1922 Romanis
1458 1879 1572 1922 cau-'-

285 1955 382 1989 tum
400 1979 412 2000 ‚
450 1958 511 1989 ne
539 1941 589 1988 in
618 1939 767 2004 patria
797 1941 1047 1989 turbarent.

344 2004 633 2055 Polluunrur.
669 2004 858 2054 Horum
894 2009 1178 2074 flagitiorum
1207 2006 1423 2073 exempla
1453 2006 1572 2057 vidi-2

275 2088 376 2122 mus
408 2071 540 2139 suprai
574 2071 752 2122 Annal.
775 2072 918 2134 XIV,
950 2092 1025 2137 31.
1404 2092 1408 2095 ’

338 2137 594 2189 Paludibus
610 2138 913 2188 emtl'rziendis.
928 2140 1032 2192 Viae
1046 2159 1131 2207 per
1146 2139 1274 2189 filvas
1289 2157 1343 2190 ac
1356 2141 1571 2207 paludes,

271 2204 334 2253 ob
367 2222 711 2256 commeatuum
742 2204 1011 2256 facilitatem
1031 2247 1044 2269 ,
1088 2208 1392 2256 emuniendae.
1439 2207 1567 2258 Vide

271 2271 391 2323 infra
416 2290 519 2341 cap.
549 2291 625 2339 33.
669 2273 812 2323 Tales
842 2277 927 2324 viae
958 2275 1186 2324 Romanae
1211 2276 1384 2324 exstant
1415 2274 1567 2324 adhue

270 2340 481 2405 plurimae
509 2344 557 2390 in
588 2340 745 2391 Scotia
767 2380 783 2403 ,
860 2360 939 2391 uas
973 2341 1299 2390 accuratiffime
1336 2339 1567 2407 descripfit

270 2407 471 2456 eruditus
514 2407 720 2457 Gordon
750 2446 766 2467 ,
849 2408 1118 2458 tinerarium
1153 2407 1566 2470 Septentrionale,

273 2473 323 2521 in
347 2475 498 2523 tabula
528 2474 724 2542 Geogra
762 2474 878 2524 hica.

342 2539 564 2607 Quotidie
581 2543 704 2592 emit.
720 2494 947 2607 &uotidie
964 2543 1101 2601 emit,
1121 2539 1286 2589 tributa
1309 2538 1562 2599 solvendo3

272 2608 480 2670 quotidie
499 2608 643 2676 pascit
662 2648 676 2670 ,
709 2611 760 2657 in
799 2626 1039 2658 annonam
1071 2607 1355 2657 frumentum
1392 2604 1564 2670 suppe-

271 2671 476 2725 ditando.
526 2675 691 2728 Postea
730 2675 838 2727 cum
876 2675 1080 2726 Romani
1109 2714 1126 2738 ,
1171 2674 1303 2727 versa
1339 2671 1559 2734 fortuna,
