1663 2958
238 162 556 222 D1A20ws
603 178 674 219 DE
721 155 1155 225 CRM-omnum
1256 179 1360 237 173

174 258 326 320 XLI.
371 262 404 318 S
424 284 441 317 1
465 282 495 316 c
530 279 756 338 quoque
780 304 796 328 ‚
840 256 996 337 quod
1029 254 1266 339 superest
1298 281 1365 319 ex

1 395 4 405 ,
92 343 335 424 antiquis
360 339 670 399 oratoribus
693 385 709 409 ‚
749 337 937 397 forum
960 387 977 411 ‚
1015 362 1130 397 non
1165 362 1364 400 emen-

0 443 2 492 3
87 426 227 483 datae
251 472 268 496 ‚
308 445 411 481 nec
434 421 666 501 usquam
692 420 762 478 ad
785 441 981 480 votum
1005 422 1320 504 compofitae
1338 470 1359 497 ‚

0 508 1 576 ἶ
86 507 321 567 civitatis
346 525 744 586 argumentum
769 505 860 563 est.
902 505 1044 579 Quis
1075 507 1230 564 enim
1254 530 1358 567 nos

85 590 316 650 advocat
334 636 349 660 ‚
370 586 469 646 nili
490 608 583 646 aut
605 609 811 645 nocens
827 633 843 657 ,
867 607 960 645 aut
984 586 1181 649 miser?
1200 590 1358 670 quod

83 672 457 754 municipium
487 671 547 729 in
575 671 861 729 civitatem
890 671 1131 741 nostram
1163 674 1355 746 venit,

84 755 182 815 nisi
222 755 378 835 quod
415 775 509 813 aut
550 753 761 812 vicinus
804 751 1041 834 populus
1068 798 1086 823 ,
1123 772 1216 813 aut
1252 755 1356 815 do-

79 839 304 899 mestica
336 835 610 895 discordia
649 836 866 917 agitat?
912 858 1085 915 quam
1124 839 1353 916 provin-

75 922 220 980 ciam
242 942 463 980 tuemur
477 968 493 992 ,
517 919 616 977 nisi
636 918 927 999 spoliatam
946 927 1352 1000 vexatamque?

72 1006 256 1085 Atqui
293 1004 492 1062 melius
538 1001 722 1062 fuiffet
770 1025 888 1060 non
931 1003 1129 1082 queri,
1176 1005 1351 1083 quam

71 1088 360 1147 vindicari.
419 1086 594 1161 Qtibd
622 1084 660 1142 fi
691 1085 1033 1144 inveniretur
1062 1084 1247 1166 aliqua
1275 1089 1348 1146 ci-

70 1172 206 1230 vitas
224 1219 240 1243 ‚
266 1171 324 1228 in
349 1169 458 1249 qua
478 1192 648 1228 nemo
675 1188 956 1250 peccaret,
981 1166 1346 1249 supervacuus

67 1252 202 1313 effer
232 1255 376 1312 inter
400 1253 727 1311 innocentes
761 1272 948 1309 orator
974 1296 992 1322 ‚
1031 1250 1165 1316 ficut
1194 1252 1345 1312 inter

64 1334 222 1394 sanos
265 1334 534 1394 medicus,
597 1334 910 1408 Quomodo
942 1353 1136 1393 tamen
1171 1335 1345 1394 mini-³

63 1441 224 1478 mum
244 1418 367 1477 usus
385 1417 804 1496 minimumque
825 1414 1103 1498 profestsls
1123 1439 1204 1475 ars
1221 1441 1339 1479 me-

61 1502 244 1561 dentis
268 1501 434 1560 habet
453 1501 512 1558 in
539 1500 621 1559 his
647 1499 904 1582 gentibus
918 1547 935 1572 ‚
959 1523 1079 1581 quae
1101 1499 1339 1559 firmiffi-

61 1585 152 1644 mzl
182 1584 504 1643 valetudine
528 1606 590 1641 ac
616 1582 988 1642 saluberrimis
1011 1584 1337 1666 corporibus

56 1689 314 1728 utuntur:
340 1665 409 1725 fic
431 1666 617 1724 minor
636 1686 923 1724 oratorum
937 1665 1335 1748 obscuriorque

54 1751 232 1832 gloria
263 1751 337 1808 est
361 1751 507 1808 inter
530 1749 708 1808 bonos
740 1770 923 1808 mores
947 1797 963 1821 ,
999 1759 1056 1809 &
1084 1750 1144 1808 in
1174 1751 1332 1812 obse-

53 1835 252 1913 quium
282 1833 523 1911 regentis
548 1853 781 1913 paratos.
828 1831 988 1906 Quid
1012 1834 1168 1891 enim
1190 1858 1332 1917 opus

53 1918 127 1982 est
148 1916 327 1996 longis
347 1916 405 1974 in
423 1913 614 1975 senatu
629 1914 945 1987 sententiis,
971 1914 1101 1974 cum
1118 1919 1328 1999 optimi

51 2000 161 2060 cito
200 1996 588 2058 consentiant?
633 1998 793 2078 Quid
824 1997 1015 2063 multis
1043 2000 1190 2082 apud
1221 2025 1327 2082 po-

49 2084 242 2164 pulum
290 2082 649 2141 concionibus
683 2131 698 2153 ,
742 2082 875 2146 cum
922 2081 993 2141 de
1039 2084 1327 2165 republica

46 2190 161 2225 non
213 2166 460 2245 imperiti
506 2175 563 2225 &
611 2165 777 2224 multi
825 2165 1180 2238 deliberent,
1225 2165 1324 2229 sed

44 2248 463 2332 sapientiffimus
498 2257 555 2308 &
582 2271 720 2308 unus
744 2251 764 2306 ?
807 2248 966 2323 Quid
996 2249 1323 2311 voluntariis

44 2331 479 2392 accusationibus
510 2380 526 2404 ‚
578 2331 710 2391 cum
759 2352 878 2391 tam
923 2334 1044 2391 raro
1090 2341 1149 2392 δε
1198 2354 1319 2393 tam

44 2417 199 2496 parce
245 2418 549 2495 peccetur?
597 2414 756 2491 Quid
795 2414 1077 2474 invidiosis
1122 2423 1180 2475 &
1220 2440 1316 2476 ex-

41 2498 367 2557 cedentibus
402 2498 642 2558 modum
678 2495 1130 2571 defensionibus,
1181 2498 1314 2560 cum

39 2579 339 2642 clementia
381 2580 763 2664 cognoscentis
815 2580 1043 2642 obviarn
1088 2582 1314 2666 pericli-

935 2669 989 2727 H
1031 2666 1092 2747 i1j
