1663 2958
379 149 1016 226 AcnxcoLA.
1269 186 1333 242 51

69 264 444 325 commercio.
511 262 860 321 Memoriam
901 282 1126 342 quoque
1171 259 1347 342 ipsam

78 372 212 407 cum
238 370 373 406 voce
396 342 818 428 perdidiffemus
839 392 855 416 ‚
891 344 929 401 fi
951 367 1067 403 tam
1089 346 1148 402 in
1170 344 1351 404 nostr&

78 433 346 516 potestate
376 429 507 487 esset
536 426 786 484 oblivisci
811 475 827 499 ,
862 428 1033 507 quam
1063 448 1261 488 tacere.

170 516 268 570 ΙΙΙ.
312 513 417 569 Nu
438 533 474 568 N
497 534 527 566 c
564 509 798 568 demum
830 510 975 568 redit
1009 512 1265 569 animus:
1297 518 1358 571 δε

79 618 430 677 quamquam
453 642 468 666 ‚
503 593 686 676 primo
721 593 904 651 statim
942 593 1235 652 beatiffimi
1262 593 1357 652 sae-

79 679 198 737 culi
213 700 338 736 ortu
359 725 374 749 ‚
397 679 580 736 Nerva
593 673 772 734 Caesar
788 698 870 734 res
890 676 1027 733 olim
1050 675 1363 737 diffociabi-

84 761 164 821 les
183 760 461 820 miscuerit
482 807 497 831 ‚
529 759 906 842 principatum·
920 781 980 816 ac
1003 759 1322 819 libertatem
1340 808 1359 835 ‚

87 865 397 927 augeatque
445 842 698 923 quotidie
750 839 1081 901 felicitatem
1131 843 1360 926 imperii

86 928 278 987 Nerva
300 929 570 1007 Trajanus
594 974 610 998 ‚
652 947 755 984 nec
781 924 936 1008 spem
958 926 1135 984 modo
1163 950 1222 984 ac
1254 951 1359 986 vo·-

77 1030 205 1070 tum
254 1009 508 1070 securitas
557 1009 778 1090 publica
814 1054 830 1080 ‚
890 1008 986 1068 sed
1030 1006 1193 1089 ipsius
1237 1011 1356 1071 voti

85 1093 351 1153 fiduciam
381 1141 396 1164 ‚
431 1117 490 1152 ac
521 1093 690 1150 robur
718 1091 1079 1174 adsumpserit
1105 1117 1117 1150 ι
1161 1093 1357 1153 natura

82 1197 276 1236 tamen
297 1176 635 1235 infirmitatis
657 1176 910 1234 humanae
925 1223 941 1247 ‚
965 1176 1207 1235 tardiora
1229 1176 1356 1238 sunt

85 1260 338 1318 remedia
357 1307 374 1331 ‚
400 1260 571 1340 quam
592 1258 738 1317 mala
757 1283 773 1336 3
800 1267 856 1318 ἅτ
876 1280 935 1317 ut
956 1281 1186 1340 corpora
1206 1259 1356 1320 lente

85 1340 415 1423 augescunt,
438 1344 548 1401 cito
567 1343 1010 1416 exstinguuntur,
1036 1342 1104 1400 sic
1132 1343 1359 1425 ingenia

80 1425 370 1506 studiaque
393 1423 714 1507 oppresseris
735 1406 947 1486 facilius
965 1474 981 1498 ‚
1003 1425 1173 1507 quam
1197 1449 1358 1486 revo-

42 1527 46 1533 “
87 1509 310 1568 caveris.
350 1509 508 1569 Subit
534 1510 739 1592 quippe
766 1510 937 1569 etiam
961 1509 1123 1591 ipfius
1149 1511 1361 1572 inertiae

84 1591 328 1652 dulcedo
346 1619 357 1651 z
379 1592 617 1652 &invisa
630 1594 814 1676 primo
832 1592 1058 1667 desidia,
1080 1596 1359 1676 postremo

86 1697 321 1736 amatur.
371 1676 528 1751 Quid
556 1675 593 1734 fi
615 1724 631 1748 ‚
672 1698 769 1756 per
795 1677 1123 1756 quindecim
1152 1701 1358 1753 annOS,

90 1760 301 1843 grande
326 1759 575 1818 mortalis
598 1761 695 1817 aevi
726 1758 963 1841 spatium
985 1808 1001 1832 ‚
1042 1761 1207 1819 multi
1242 1759 1359 1820 for-

89 1843 242 1903 tuitis
306 1841 511 1901 cafibus
547 1890 562 1914 ‚
630 1843 1062 1925 promptiffimus
1123 1844 1358 1925 quisque

62 1924 289 1986 -saevitia
334 1926 601 2008 Principis
650 1926 1054 1986 interciderunt
1084 1930 1104 1986 ?
1150 1929 1318 1987 Pauci
1340 1977 1359 2003 ,

93 2018 151 2070 &
178 2056 193 2080 ‚
233 2030 293 2068 ut
317 2010 393 2068 ita
418 2009 655 2068 dixerim
684 2057 700 2081 ‚
735 2033 850 2068 non
881 2011 1056 2069 modo
1086 2009 1323 2070 aliorum
1342 2061 1360 2084 ,

88 2091 186 2153 sed
215 2094 386 2151 etiam
414 2091 580 2151 nostri
606 2091 911 2175 superstites
935 2092 1148 2170 sumus3
1177 2118 1364 2155 exem-

93 2176 203 2258 ptis
233 2199 262 2236 e
297 2174 485 2235 media
525 2174 638 2234 vita
674 2197 765 2235 tot
805 2177 960 2235 annis
991 2225 1007 2248 ‚
1047 2177 1247 2258 quibus
1273 2187 1362 2259 ju·-

95 2281 263 2318 venes
314 2260 384 2318 ad
433 2258 779 2318 senectutem
806 2307 823 2331 ‚
871 2258 1023 2318 senes
1070 2262 1241 2343 prope
1290 2262 1364 2322 ad

94 2341 237 2423 ipsos
262 2347 457 2403 exactae
477 2344 646 2402 aetatis
669 2343 937 2402 terminos
962 2365 1057 2424 per
1079 2342 1361 2406 silentium

94 2426 349 2486 venimus
383 2451 395 2484 :
440 2450 553 2484 non
597 2448 788 2485 tamen
833 2426 1049 2509 pigebit
1077 2473 1095 2498 ‚
1145 2427 1232 2487 vel
1273 2429 1365 2489 in·-

99 2508 327 2567 condita
354 2533 414 2567 ac
438 2509 563 2568 rudi
584 2532 721 2568 voce
749 2556 766 2580 ‚
805 2510 1141 2569 memoriam
1165 2512 1361 2593 prioris

98 2590 372 2655 servitutis
401 2640 419 2666 ,
470 2616 531 2652 ac
582 2593 962 2655 testimonium
1014 2592 1363 2677 praesentium

1069 2678 1268 2760 eij,
