1663 2958
397 144 1063 206 Acnrc'otAae
1281 133 1363 224 6³7

88 245 325 308 consiliis
351 293 367 318 ‚
407 270 572 307 naves
613 246 883 305 deerant:
924 247 1062 304 ratio
1100 253 1156 313 &
1195 244 1358 304 cons-

89 333 264 390 tantia
288 331 440 388 ducis
464 327 775 388 transvexit.
793 328 1075 409 Depositis
1097 329 1361 388 Omnibus

87 414 347 483 sarciniS‚
384 412 699 472 lectiffimos
733 410 1082 470 auxiliarium
1105 459 1120 483 ‚
1158 412 1360 492 quibus

89 518 224 556 nota
260 493 439 566 vada,
485 503 542 555 δέ
579 495 782 575 patrius
825 495 998 552 nandi
1038 493 1158 552 usus
1182 543 1197 567 ‚
1247 519 1362 576 quo

87 578 246 637 fimul
273 576 438 656 seque
462 625 478 649 ,
523 587 579 637 δε
607 600 760 634 arma
780 624 796 648 ‚
833 586 889 636 &
913 601 1082 657 equos
1111 599 1312 660 regunt
1335 626 1354 651 ‚

84 663 164 720 ita
189 663 413 741 repente
439 658 671 718 immisit
695 707 711 732 ‚
752 680 812 718 ut
843 659 1205 742 obstupefacsti
1233 661 1362 720 hos-

90 765 170 804 tes
196 792 212 816 ,
253 744 350 823 qui
387 741 609 803 claffem
634 790 650 814 ‚
695 744 792 823 qui
824 766 1025 814 naveS,
1069 745 1167 822 qui
1207 767 1361 804 mare

88 826 471 909 exspectabant
492 873 508 897 ‚
543 825 685 883 nihil
707 826 943 884 arduum
970 847 1062 884 aut
1086 826 1359 886 invichim

89 908 429 968 crediderint
485 908 551 967 fic
599 909 669 966 ad
719 907 935 967 bellum
986 910 1359 969 venientibus,

86 995 170 1051 Ita
208 992 377 1075 petita
411 1015 542 1075 pace
565 1039 581 1064 ,
621 1016 681 1050 ac
712 991 905 1050 dedita
932 991 1105 1050 insula
1126 1040 1141 1064 ‚
1185 992 1362 1052 clarus

87 1098 146 1134 ac
189 1098 421 1157 magnus
457 1076 647 1134 haberi
684 1075 987 1157 Agricola:
1026 1076 1230 1156 quippe
1269 1077 1360 1136 cui

88 1158 431 1238 ingredienti
484 1158 827 1238 provinciam
860 1206 876 1229 ‚
931 1159 1085 1237 quod
1142 1173 1377 1242 tempus'

87 1239 181 1301 alii
221 1262 317 1322 per
365 1240 795 1300 ostentationem
831 1286 848 1310 ,
906 1260 998 1299 aut
1041 1237 1359 1301 officiorum

84 1321 362 1383 ambitum
396 1322 700 1404 transigunt
722 1369 739 1394 ,
782 1321 939 1381 labor
962 1331 1017 1382 &
1046 1324 1362 1406 periculum

85 1402 386 1490 placuisset.
453 1407 574 1464 Nec
626 1403 892 1488 Agricola
926 1453 942 1478 ,
998 1405 1361 1487 prosperitate

85 1510 270 1549 rerum
308 1489 366 1547 in
400 1490 706 1549 vanitarem
737 1488 859 1548 usus
881 1536 897 1560 ‚
940 1490 1363 1573 expeditionem

82 1593 177 1632 aut
196 1573 489 1631 victoriam
508 1573 742 1632 vocabat
757 1620 774 1644 ‚
799 1572 971 1631 victos
1003 1574 1358 1636 continuisse:

86 1679 158 1715 ne
193 1656 445 1714 laureatis
474 1655 708 1736 quidem
736 1657 881 1737 gesta
907 1654 1222 1735 prosecutus
1246 1660 1321 1717 est
1346 1682 1362 1718 t

86 1738 182 1799 sed
198 1735 312 1821 ipsa
328 1738 760 1800 dissimulatione
777 1736 936 1796 famae
954 1737 1166 1798 famam
1180 1742 1331 1801 auxit
1341 1762 1365 1814 ,’

87 1822 478 1882 aestimantibus
502 1822 707 1904 quanta
726 1820 897 1881 futuri
911 1819 1002 1906 spe
1021 1843 1136 1882 tam
1155 1847 1365 1908 magna

91 1903 358 1966 tacuisset.

79 2054 81 2057 ¹
165 1990 329 2047 XIX.
365 1991 666 2048 CETERUM
706 1988 1027 2046 animorum
1062 1986 1360 2070 provinciae

86 2071 328 2155 prudens
343 2120 359 2143 ,
382 2070 654 2152 simulque
674 2071 868 2130 doetus
887 2094 983 2155 per
1000 2071 1179 2131 aliena
1200 2094 1363 2152 expe-

83 2156 322 2215 rimenra
347 2204 362 2228 ,
400 2178 595 2238 parum
620 2155 813 2235 profici
842 2156 1008 2214 armis
1031 2203 1047 2228 ,
1086 2154 1122 2213 fi
1147 2156 1359 2235 injuriae

81 2237 476 2319 sequerentur,
520 2237 697 2298 causas
732 2239 1010 2297 bellorum
1044 2234 1227 2296 statuit
1258 2262 1357 2297 ex.-

84 2319 350 2382 scindere.
419 2321 473 2381 A
516 2321 568 2382 se
610 2320 822 2402 suisque
869 2319 1017 2380 orsus
1045 2369 1061 2394 ,
1106 2322 1354 2403 primam·

86 2403 324 2463 domum
360 2404 514 2464 suam
550 2406 793 2465 coercuit
825 2429 842 2480 3
886 2405 1041 2486 quod
1078 2404 1355 2487 plerisque

87 2487 237 2549 haud
270 2488 452 2548 minsis
489 2489 723 2548 arduum
757 2490 830 2548 est
854 2534 869 2559 ,
912 2489 1082 2569 quam
1121 2490 1350 2568 provin-

85 2570 229 2633 ciam
254 2593 466 2657 regere²
502 2571 659 2634 Nihil
681 2594 779 2658 per
805 2570 1033 2633 libertos
1059 2569 1351 2655 servosque
