1663 2958
386 179 1012 244 AGR.r.corA.'
1252 180 1328 255 69

66 295 332 343 tentare:
382 290 441 342 δε
490 280 632 338 nihil
682 279 909 338 interim
964 277 1110 361 apud
1159 278 1336 340 hostes

71 366 329 446 quietum
349 365 461 444 pati
478 410 493 433 ‚
511 364 810 442 quominus
825 360 1018 419 subitis
1032 363 1338 425 excurfibus

71 447 465 530 popularetur:
510 466 674 524 arque
717 444 814 502 ubi
861 442 984 502 satis
1030 466 1340 522 terruerat2

72 528 352 613 parcendo
387 526 562 591 rursus
596 527 958 585 inritamenta
984 531 1130 608 pacis
1157 532 1341 589 osten-

71 633 205 672 tare.
249 611 467 685 Quibus
496 609 657 667 rebus
681 608 867 666 multa:
890 610 1138 677 civitates
1160 660 1176 684 ,
1213 636 1338 693 quae

71 695 134 754 in
179 693 341 752 illum
379 693 535 751 diem
574 715 648 752 ¹ex
690 715 846 771 aequo
890 714 1157 773 egerant,
1200 697 1342 755 datis

73 776 354 836 obsidibus
387 824 404 848 ‚
457 777 601 834 iram
657 775 885 856 posuere
916 821 932 845 ,
983 783 1041 834 ὃ(
1086 777 1339 858 praeficliis

70 858 409 939 castellisque
461 857 810 917 circumclatae
846 905 863 929 ,
923 857 1074 915 tanta
1124 861 1340 920 ratione

72 941 351 1023 curaque,
394 962 455 1000 ut
498 940 650 1000 nulla
695 943 822 999 ante
864 941 1158 1000 Eritanniae
1195 967 1342 1004 nova

67 1048 193 1110 pars
222 1025 518 1084 inlaceffita
547 1024 834 1086 tranfierit,

156 1110 316 1167 XXI.
361 1111 394 1166 S
416 1130 592 1181 EQUE
613 1131 685 1166 Ns
741 1108 920 1168 hiems
966 1105 1340 1174 saluberrimis

69 1191 309 1250 consiliis
338 1189 661 1270 absumpta:
701 1213 944 1270 namque
984 1212 1045 1249 ut
1081 1192 1341 1255 homines

69 1272 294 1354 dispersi
331 1297 392 1331 ac
430 1273 592 1335 rudes
629 1321 645 1345 ,
698 1273 877 1354 eoque
917 1273 1068 1334 bello
1107 1272 1296 1335 faciles
1319 1324 1339 1350 a

68 1358 250 1437 quieti
271 1365 329 1417 δε
346 1344 583 1438 otio⁹12er
601 1354 910 1438 voluptates
921 1355 1305 1418 adsuescerent
1321 1384 1340 1438 3

67 1440 285 1499 hortari
325 1439 588 1523 privatim
614 1488 631 1512 ,
676 1442 936 1521 adjuvare
975 1440 1234 1523 publice,
1283 1464 1345 1506 ur

68 1523 285 1604 templa
307 1571 324 1596 ,
361 1520 482 1582 fora
502 1572 519 1596 ,
560 1523 762 1583 domus
793 1526 1128 1592 exstruerent
1153 1573 1170 1597 ‚
1210 1525 1342 1585 lau-

19 1634 33 1645 ·
63 1606 262 1677 ¹danclo
295 1610 583 1689 promptos
609 1654 626 1678 ‚
674 1616 732 1667 &
764 1608 1079 1689 castigando
1107 1607 1299 1690 segnes
1323 1635 1341 1668 ε

69 1691 152 1749 ita
181 1690 406 1748 honoris
437 1689 716 1748 aemulatio
741 1712 840 1771 pro
869 1690 1183 1750 necestitate
1209 1714 1342 1759 erar,⁹

72 1775 109 1837 J
115 1796 205 1831 am
235 1775 365 1833 vero
392 1772 705 1854 principum
741 1772 884 1830 filios
913 1773 1230 1834 liberalibus
1256 1799 1345 1837 are·

74 1857 221 1916 tibus
260 1856 520 1925 erudire,
566 1866 622 1915 ὃς
669 1856 896 1937 ingenia
942 1858 1338 1917 Britannorum

69 1940 262 2000 studiis
284 1939 577 1999 Gallorum
607 1937 884 2001 anteferre
903 1985 918 2010 ,
951 1960 1011 1998 ut
1035 1942 1132 2021 qui
1164 1943 1341 2002 modo

69 2023 326 2105 linguam
346 2024 666 2082 Romanam
688 2023 1007 2084 abnuebant
1021 2071 1037 2095 ‚
1066 2023 1340 2106 eloquen-

68 2107 214 2166 tiam
236 2103 685 2187 concupiscerent
711 2130 723 2164 ι
766 2106 900 2166 inde
925 2107 1096 2165 etiam
1120 2108 1341 2173 habitus

74 2191 244 2249 nostri
278 2189 496 2260 honor,
539 2198 596 2248 &
632 2188 891 2268 frequens
923 2210 1054 2270 toga
1082 2214 1093 2247 ι
1130 2191 1343 2273 paulla-

74 2274 297 2353 -rimque
331 2269 621 2330 disceffum
659 2271 730 2330 ad
768 2271 1138 2331 delinimenta
1173 2275 1342 2338 vitio÷

79 2377 205 2414 rum
228 2405 244 2428 ‚
277 2356 517 2437 porticus
544 2403 560 2427 ,
604 2363 662 2414 &
699 2354 931 2426 balnea,
969 2363 1024 2414 δέ
1052 2357 1341 2417 convivio-.-

79 2461 208 2497 rum
253 2438 625 2520 elegantiam:
661 2438 832 2518 idque
869 2438 1015 2519 apud
1051 2440 1342 2522 imperitos

76 2549 124 2577 sc
139 2521 496 2580 humanitas»
527 2522 824 2582 vocabatur
848 2569 866 2594 ,
909 2525 1039 2582 cum
1073 2546 1195 2608 pars
1228 2522 1340 2594 ser-

77 2605 268 2668 vitutis
296 2603 451 2668 effer.
