1663 2958
173 147 258 187 DE
310 121 804 186 Ona-romnus
868 112 1104 174 No'rAE
1195 119 1310 189 367

37 223 261 292 legendus
284 263 297 286 ,
320 239 368 272 ut
395 230 440 270 &
467 220 814 287 congiarioruin
838 217 953 264 ratio
981 209 1317 280 cognoscatur,

40 299 86 340 &
108 292 388 356 intelligatur
408 303 631 354 quantum
655 286 822 332 caverit
839 281 1059 345 Princeps
1079 279 1280 344 optimus
1298 314 1316 338 ,

39 374 102 406 ne
120 357 222 423 quis
238 354 514 402 liberalitatis
532 350 616 398 suae
636 367 798 414 expers
817 347 958 397 fieret.
982 347 1144 395 Postea
1160 383 1173 406 ,
1207 344 1318 394 etim

40 421 200 471 consul
231 418 377 469 fullset
399 415 611 484 quintum
634 453 646 475 ,
680 416 772 463 duo
799 416 890 464 alia
911 413 1033 461 dedit
1057 412 1318 477 congiaria.

35 489 97 539 In
140 489 244 549 ejus·
282 486 480 534 numnns
506 521 518 543 ,
560 480 706 529 COS.
753 480 816 531 V.
866 475 1318 529 CONGIARIVM

39 551 263 603 SECVN
267 552 331 600 D.
352 556 396 599 &
414 548 562 599 COS.
581 547 644 598 V.
672 542 1117 595 CONGIARIVM
1150 541 1313 591 TER-

39 618 233 670 TIVM.
275 617 354 665 Ne
391 632 543 665 tamen
579 613 802 661 existimes
839 612 1004 659 eodem
1030 627 1158 658 anno
1194 608 1317 656 data.

40 683 172 734 Nam
191 685 307 732 inter
326 686 538 750 quintum
558 686 602 727 &
625 677 798 726 sextum
811 677 1005 740 Trajani
1030 673 1317 724 consulatum

40 767 213 799 novem
258 751 369 798 anni
409 744 709 797 intercessere.
780 743 1015 792 Nummos
1053 741 1154 789 vide
1189 738 1317 805 apud

38 815 338 864 Harduinum
359 852 371 874 ,
399 814 507 863 ibid.
528 829 637 879 pag.
660 827 754 869 747
779 816 824 857 &
845 807 973 875 seqq.
1008 807 1087 855 Ad
1112 807 1316 871 primum

40 881 236 942 Traiani
271 883 562 945 congiarium
594 880 822 944 pertinere
858 875 972 922 mihi
1010 873 1185 921 videtur
1217 872 1319 919 ele·-

43 945 302 1013 gantiffima
335 945 573 1013 Inscriptio
596 983 609 1007 ‚
650 960 751 1010 quae
785 940 1041 991 adservatur
1072 939 1236 986 Romae
1266 938 1316 984 in

41 1012 207 1060 Museo
248 1011 454 1079 Collegii
494 1012 696 1061 Romani
731 1049 744 1070 ,
794 1023 1029 1076 quamque
1071 1003 1314 1068 Philippus

38 1078 260 1132 Bonanni
277 1078 458 1128 exhibet
480 1081 529 1127 in
545 1075 701 1142 Museo
715 1073 1017 1125 Kircfzeriano
1034 1109 1051 1132 ,
1070 1087 1182 1138 pag.
1208 1085 1316 1134 103.

526 1178 605 1236 D.
740 1173 831 1233 M.

359 1278 769 1331 EVTYCHETI
802 1278 989 1326 FILIO

306 1379 432 1439 QVI
499 1375 696 1421 VIXIT
757 1373 924 1419 ANN.
977 1372 1050 1418 VI

243 1469 543 1517 DIEBVS
599 1467 704 1513 VI.
773 1463 1108 1512 INCISVS

130 1558 755 1619 JNGENVVSQVE
826 1555 1213 1605 ACCEPIT

290 1653 859 1705 CONGIARIVM
938 1652 1067 1699 XC.

371 1747 575 1796 FECIT
629 1745 857 1792 PATER
906 1746 986 1792 BE

439 1841 529 1888 NE
582 1840 921 1887 MERENTI.

42 1935 232 1998 Nempe
265 1930 495 2000 Eutyches
514 1969 526 1991 ‚
562 1933 789 1996 ingenuus
810 1928 997 1996 quidem
1017 1966 1030 1989 ‚
1062 1925 1136 1975 sed
1160 1925 1315 1974 infans

43 2001 259 2066 parvulus
284 2036 297 2058 ,
334 2001 383 2047 in
411 1997 691 2046 liberalitatis
725 1993 901 2043 tesseras
936 1994 1098 2043 incisus
1131 1994 1192 2040 est
1211 2030 1225 2052 ‚
1265 1998 1313 2039 &

44 2066 354 2132 Congiarium
373 2065 549 2129 accepit
562 2062 772 2111 denarios
791 2077 975 2110 centum
994 2059 1186 2110 Gallicae
1205 2076 1313 2107 mo·-

43 2149 161 2184 netae
191 2131 328 2180 libras
359 2148 438 2189 77.

108 2260 515 2312 HADRIANUS
534 2300 547 2322 ,
582 2262 631 2309 in
656 2277 749 2327 quo
775 2259 922 2324 magis
948 2255 1072 2305 fuere
1096 2256 1311 2303 virtutum

42 2331 271 2395 imagines
291 2367 304 2388 ‚
338 2326 477 2394 qudm
499 2326 605 2392 ipsae
630 2330 811 2376 virtutes
835 2364 848 2384 ,
880 2323 1077 2384 Traiani
1106 2321 1310 2369 liberali-

45 2412 183 2444 tatem
205 2396 434 2443 aemulatus
459 2395 535 2442 est.
574 2393 802 2441 Nondum
826 2393 873 2439 in
894 2389 1074 2437 Urbem
1096 2403 1304 2448 venerat,

46 2463 141 2525 jam
170 2475 321 2508 ternos
350 2478 510 2508 aureos
530 2498 542 2519 ,
580 2458 780 2508 Gallicae
817 2470 1005 2505 monetae
1037 2452 1178 2502 libras
1213 2461 1304 2516 63,

43 2528 223 2592 populo
249 2527 414 2573 viritim
449 2526 543 2573 dari
573 2524 729 2574 absens
762 2537 1008 2571 curaverat.
1050 2516 1235 2568 Deinde
1257 2522 1308 2567 in

47 2591 180 2647 Urbe
212 2592 379 2659 duplex
413 2593 703 2659 congiarium
733 2588 924 2658 praesens
957 2586 1078 2636 dedit
1105 2604 1114 2631 :
1151 2589 1194 2632 &
1215 2624 1229 2647 ,
1262 2598 1310 2634 ut

1017 2651 1152 2720 in
