1663 2958
210 174 532 234 D1Atooos
579 190 648 229 DE
696 168 1132 229 offla-romnis&
1231 191 1335 246 151

68 291 264 342 genere
289 321 306 344 ‚
347 294 449 332 nec
474 291 649 328 unum
676 267 747 326 de
776 268 986 350 populo
1011 269 1223 329 Canuti
1248 292 1342 331 aut

67 356 248 416 Aride
274 354 474 414 Furnio
498 360 555 410 &
578 353 831 409 Toranio
854 399 871 423 ,
892 354 1101 433 quique
1121 354 1255 412 alios
1280 355 1340 413 in

71 439 278 498 eodem
334 433 741 496 valetudinario
784 435 897 492 haec
945 436 1056 494 offa
1098 445 1155 496 δε
1196 438 1339 498 hanc

18 523 20 525 ’
68 522 312 581 maciem
337 517 592 600 probant.
628 515 744 597 Ipse
766 518 909 575 mihi
932 519 1139 578 Calvus
1161 568 1177 592 ,
1208 520 1340 580 cum

70 627 247 664 unum
289 610 346 662 δε
389 601 629 683 viginti,
671 620 732 658 ut
777 609 912 681 puto
941 648 957 672 ‚
998 602 1167 661 Iibros
1209 604 1343 663 reli-

69 686 253 768 querit
275 733 292 758 ,
331 686 422 744 vix
447 686 505 742 in
536 683 645 743 una
676 703 769 742 aut
798 683 970 743 altera
995 687 1343 746 oratiuncula

66 768 368 831 satisfacit:
405 790 508 827 nec
549 766 832 826 dissentire
875 788 1086 828 ceteros
1124 770 1193 827 ab
1231 772 1340 830 hoe

66 877 197 913 meo
218 852 428 932 judicio
453 851 620 911 video
652 875 664 909 :
696 871 899 930 quotus
926 853 1078 910 enim
1105 852 1341 934 quisque

68 937 234 997 Calvi
266 937 324 994 in
353 934 594 994 Asitium
620 982 637 1006 ‚
675 955 769 993 aut
796 935 854 993 in
879 935 1130 994 Drusum
1157 937 1294 1019 legit
1318 943 1341 997 ?

65 1041 121 1080 at
147 1019 371 1080 hercule
398 1019 457 1076 in
486 1019 788 1077 hominum
812 1018 1181 1078 studiosorum
1216 1043 1341 1079 ma-

65 1104 230 1163 nibus
283 1101 564 1162 versantur
613 1100 986 1163 accusationes
1020 1149 1037 1174 ‚
1101 1127 1220 1184 quae
1280 1105 1343 1164 in

67 1187 369 1249 Vatinium
402 1184 778 1244 inscribuntur
800 1233 817 1257 ‚
859 1209 920 1244 ac
957 1188 1224 1269 praecipue
1261 1186 1347 1247 se-

64 1271 247 1330 cunda
264 1292 327 1328 ex
348 1269 430 1326 his
445 1269 623 1341 oratio
643 1293 655 1326 ε
674 1270 748 1328 est
763 1268 917 1328 enim
932 1270 1112 1329 verbis
1128 1292 1343 1344 ornata,

63 1362 122 1415 δε
155 1352 440 1413 sententiis
471 1351 692 1410 auribus
725 1352 980 1433 judicum
1016 1377 1342 1413 accommo-

63 1437 193 1496 data
220 1461 231 1494 :
266 1457 326 1494 ut
357 1434 489 1493 scias
514 1433 696 1518 ipsum
727 1458 954 1516 quoque
979 1437 1225 1497 Calvum
1257 1438 1341 1497 in·-

65 1517 329 1580 tellexiffe
359 1519 497 1600 quid
522 1519 722 1577 melius
750 1516 883 1579 effer
902 1568 918 1591 ‚
953 1544 1056 1579 nec
1081 1521 1340 1581 volunta-

62 1625 180 1663 tem
227 1604 364 1683 quin
412 1601 704 1661 sublimius
742 1611 800 1662 δέ
835 1604 1034 1662 cultius
1078 1605 1292 1664 diceret
1319 1652 1339 1677 ‚

56 1686 155 1747 sed
196 1686 491 1767 ingenium
533 1709 594 1744 ac
635 1686 778 1759 vires
823 1685 1073 1746 defuisse.
1131 1688 1339 1762 Quid?

17 1831 20 1833 ,
62 1793 128 1831 ex
157 1769 428 1829 Coelianis
462 1768 847 1827 orationibus?
878 1793 1084 1851 nempe
1113 1772 1338 1853 haepla-

60 1874 226 1924 cent,
263 1850 301 1909 fi
329 1875 443 1910 non
469 1850 730 1911 universa:
758 1899 774 1924 ‚
812 1872 866 1910 at
896 1875 1075 1935 partes
1102 1876 1293 1912 earum
1320 1902 1340 1928 ,

60 1937 119 1996 in
152 1936 352 2017 quibus
386 1936 633 1995 nitorem
659 1944 716 1995 &
741 1935 1101 1996 altitudinem
1130 1938 1337 1997 horum

61 2041 385 2102 temporum
406 2017 772 2101 agnoscimUS.
789 2021 989 2080 Sordes
1009 2041 1199 2080 autem
1218 2045 1342 2081 ver«

23 2109 27 2111 ’
63 2104 298 2175 borum,
327 2111 384 2162 &
412 2103 567 2162 hians
589 2103 918 2185 compositio
936 2153 952 2176 ,
978 2114 1034 2165 δέ
1059 2105 1342 2164 inconditi

41 2186 244 2249 sensus
268 2185 526 2246 redolent
550 2188 976 2266 antiquitatem:
1006 2211 1107 2246 nec
1135 2212 1341 2267 quem«

64 2295 234 2353 quam
254 2270 396 2329 adeo
417 2271 793 2351 antiquarium
811 2292 944 2352 puto
962 2319 978 2343 ,
999 2292 1059 2329 ut
1082 2271 1338 2331 Coelium

65 2378 132 2414 ex
178 2354 241 2413 ea
282 2374 434 2436 parte
479 2354 666 2413 laudet
707 2402 722 2425 ‚
780 2354 888 2434 qua
939 2355 1196 2434 antiquus
1244 2357 1340 2415 esta,v

66 2438 461 2508 Concedamus
487 2437 611 2498 sane
642 2438 713 2496 C.
739 2436 977 2510 Caesari„
1017 2460 1077 2497 ut
1112 2442 1343 2521 propter

67 2520 522 2602 magnitudinem
586 2522 993 2602 cogitationum
1051 2530 1106 2582 &
1171 2545 1339 2580 occu-

69 2604 320 2688 pationes
377 2625 563 2667 rerum
595 2652 614 2678 ,
673 2605 857 2665 minu-s
903 2606 960 2664 in
1016 2604 1342 2686 eloquentia

990 2690 1026 2745 F
1062 2696 1113 2771 vj
