1663 2958
317 160 437 234 364
637 150 720 207 IN
775 147 1262 210 D1ALooUM
1486 208 1488 210 .

315 265 508 319 quoque
539 248 638 298 Dio
673 247 770 296 LX
791 286 805 308 ‚
835 265 946 325 pag.
980 252 1071 296 682
1101 286 1119 324 ⁹.
1150 248 1230 315 qui
1264 245 1388 297 addit
1422 249 1469 297 in
1505 244 1595 303 liae

313 319 565 384 largitione
589 313 718 364 fuisse
738 353 751 376 ,
794 331 873 381 qui
898 315 1000 381 plus
1026 329 1322 380 acciperent,
1353 319 1637 370 nonnullis

312 385 453 442 etiam
471 382 604 431 datos
618 382 745 430 mille
766 381 988 430 ducentos
1003 383 1342 448 quinquaginta
1359 398 1591 446 nummos,

311 448 518 502 Gallicae
553 462 742 498 monetae
779 446 921 496 libras
956 466 1063 512 243.
1111 447 1422 496 Posteaanno
1444 447 1590 503 Urbis
1609 446 1628 514 J}

311 515 509 566 eonditae
541 531 735 564 nccc1v
755 552 768 575 ‚
808 512 914 562 curn
935 513 1067 563 Nero
1090 512 1303 575 princeps
1325 510 1627 574 Juvemutisf,

308 582 621 648 appellaretur
635 620 648 641 ‚
667 580 871 630 additum
888 582 949 629 est
963 583 1154 630 nomine
1168 580 1263 643 ejus
1281 581 1588 648 congiarium,
1622 579 1630 635 ζ

301 648 461 703 Tacit.
483 649 659 698 Annal.
677 647 774 697 XII
791 686 806 713 ‚
835 666 914 708 41.

374 781 567 832 NERO
587 821 601 844 ,
639 782 836 850 Augusti
878 777 1273 848 magnificentiam
1313 780 1547 832 aemulatus
1572 795 1589 845 ,⁴

299 848 586 916 congiarium
610 847 733 898 dedit
756 847 1094 914 quadringenos
1119 863 1321 895 nummos
1341 886 1356 908 ‚
1390 847 1584 899 Gallicae

303 932 507 972 monetae
522 916 659 964 libras
672 934 731 974 77
748 955 760 975 ‚
781 914 867 962 ΜΓ.
882 913 1158 964 Vindobon.
1177 919 1219 961 ὃ(
1240 912 1392 961 Tacit.
1406 917 1584 966 Annal.

299 981 425 1031 XIII
444 1016 457 1039 ‚
495 999 569 1046 31.
609 981 726 1029 Haec
748 981 975 1045 Principis
997 979 1241 1027 liberalitas
1269 985 1468 1030 nummis
1495 1000 1580 1031 ce-

299 1048 466 1096 lebrari
492 1049 649 1113 coepit.
689 1045 877 1096 NERO
911 1044 1164 1095 CLAVD.
1197 1043 1381 1096 CAEs.
1415 1047 1581 1100 AVG.

299 1112 511 1163 GERM.
533 1114 585 1163 P.
606 1112 677 1162 M.
694 1113 800 1162 TR.
822 1112 874 1161 Ρ.
893 1111 1025 1161 lMP.
1045 1110 1097 1159 P.
1116 1110 1167 1159 P.
1190 1113 1339 1176 capite
1358 1113 1582 1177 laureato.

297 1179 371 1228 Ex
405 1181 593 1230 adversa
620 1182 800 1229 nummi
833 1196 964 1256 parte
985 1218 1001 1243 ‚
1046 1176 1382 1230 CONGIAR.
1416 1180 1610 1229 DAT.·

297 1246 444 1297 POP.
477 1248 524 1296 id
557 1248 652 1309 est,
684 1246 968 1313 congiarium
1011 1243 1167 1293 datum
1205 1243 1365 1308 populo
1386 1283 1403 1304 ,
1442 1246 1578 1296 Nero

300 1328 483 1381 togatus
509 1314 585 1362 dat
602 1316 908 1378 congiarium.
936 1314 991 1360 In
1016 1312 1115 1359 aliis
1134 1311 1311 1360 duobus
1330 1312 1426 1372 ejus
1447 1331 1580 1362 num-

296 1384 384 1429 mis
415 1379 750 1431 CONGIAR.
774 1381 834 1430 II.
868 1386 911 1431 &
933 1376 1268 1430 CONGIAR.
1299 1377 1384 1430 III.
1414 1380 1460 1428 id
1485 1382 1578 1443 est,
1603 1391 1606 1395 ’

294 1446 583 1513 congiarium
587 1444 837 1511 fleetendum
854 1484 868 1505 ‚
899 1443 1183 1510 congiarium
1204 1442 1402 1494 tertium.
1429 1445 1576 1495 Unde

294 1512 586 1561 manifestum
610 1514 671 1560 est
691 1513 824 1577 plura
844 1509 972 1558 fuiffe
994 1526 1089 1570 ejus
1113 1509 1368 1574 congiaria.
1399 1511 1577 1562 Utrum

292 1581 348 1629 iis
365 1594 690 1626 annumeretur
708 1578 998 1642 congiarium
1017 1575 1111 1636 ejus
1128 1575 1320 1621 nomine
1336 1575 1575 1626 aCIaudio

293 1645 454 1694 datum
483 1644 607 1692 haud
642 1644 851 1693 dixerim.
900 1641 1136 1690 Nummos
1163 1639 1265 1689 vide
1293 1641 1417 1706 apud
1439 1643 1574 1692 Har-

292 1711 486 1762 duinum
510 1748 524 1771 ,
560 1709 747 1759 Selec‘ia
775 1725 908 1771 opera
927 1745 941 1768 ,
974 1724 1085 1775 pag.
1105 1724 1193 1764 721
1224 1712 1267 1752 &
1292 1725 1404 1765 722.
1446 1709 1572 1760 Vide
1643 1752 1646 1755 .

291 1783 337 1827 &
380 1778 458 1830 Cl.
489 1777 697 1827 Vaillant
717 1815 729 1837 ,
763 1773 952 1840 Histoire
990 1773 1044 1822 de
1078 1771 1361 1822 Z'Acade‘mie
1395 1774 1570 1844 Royale

291 1843 375 1896 des
404 1843 702 1908 Inscriptions
724 1881 741 1902 ,
771 1841 916 1889 Tom.
941 1841 964 1888 I
981 1879 995 1903 ‚
1023 1857 1133 1906 pag.
1160 1853 1269 1899 245.

355 1974 587 2024 GALBA
602 2013 615 2037 ‚
636 1974 761 2028 senili
782 1969 969 2025 avaritia
982 2009 996 2032 ‚
1017 1971 1305 2038 congiarium
1324 1972 1532 2037 promisit
1551 1990 1568 2040 ‚‘
1602 1981 1612 1987 “
1662 1986 1663 1991 ’

285 2060 382 2091 non
407 2040 545 2092 dedit.

345 2174 553 2226 OTHO
586 2170 1043 2238 VITELLIUSque
1080 2187 1165 2218 nec
1203 2168 1395 2235 spatium
1419 2207 1434 2230 ,
1473 2189 1562 2221 nec
1607 2164 1663 2204 ἰ

281 2243 547 2292 facultatem
578 2239 715 2288 dandi
749 2240 1038 2305 congiarium
1075 2237 1304 2295 habuere,
1342 2240 1560 2303 praecipi-

285 2310 401 2359 tibus
437 2308 570 2367 fatis,
612 2304 829 2373 bellisque
867 2304 1072 2357 civilibus
1107 2302 1313 2370 publicas
1353 2302 1558 2356 fortunas.

279 2375 608 2426 haurientibus.

342 2502 799 2560 VESPASIANUS
819 2541 831 2564 ,
852 2518 1017 2569 pacato
1039 2518 1256 2552 terrarum
1281 2502 1393 2550 orbe
1410 2540 1423 2562 ,
1448 2517 1550 2550 con-

277 2576 471 2640 giarium
512 2571 636 2621 dedit
680 2569 888 2619 denarios
927 2570 1086 2635 quinos
1126 2569 1174 2619 fx·
1200 2570 1547 2640 septuagenos]
1622 2600 1626 2604 -
1658 2595 1659 2633 3

278 2640 470 2701 Gallicae
499 2653 695 2690 monetae
728 2636 863 2695 libras
901 2641 958 2699 58
980 2675 995 2701 ,
1026 2635 1117 2692 ΜΓ.
1147 2635 1420 2691 Vindobon.
1455 2632 1513 2683 Et
1531 2671 1548 2699 ἃ
