1663 2958
409 192 1058 254 AochotA4·
1288 196 1364 270 85

102 291 408 374 Agricola,
449 291 655 351 validas
693 299 751 349 &
786 290 1064 370 expeditas
1109 288 1366 350 cohortes

105 371 381 456 indaginis
407 373 613 443 modo,
645 380 700 431 &
726 371 894 430 sicubi
916 374 1146 432 aretiora
1171 394 1367 446 erant,

108 479 320 550 partem
349 457 646 536 equitum,
689 454 915 512 dimissis
956 457 1112 536 equis
1147 504 1163 527 ‚
1207 456 1370 515 simu}

106 561 331 599 rariores
357 538 508 598 silvas
532 538 781 618 equitem
805 537 1100 618 persultare
1126 538 1364 618 jusfiffet‚

107 644 396 704 acceptum
451 620 680 700 aliquod
730 622 925 679 vulnus
981 643 1078 700 per
1127 622 1369 680 nimiam·

105 705 367 763 fiduciam
403 700 564 761 foret.
629 701 903 761 Ceterum
936 749 952 774 ,
1000 704 1096 761 ubi
1135 728 1370 787 compo-2

105 785 230 847 fitos
255 787 426 844 firmis
453 785 741 844 ordinibus
768 784 920 866 sequi
947 784 1121 844 rursus
1148 787 1368 887 videre,

106 871 167 928 in
188 869 381 951 fugam
400 869 567 940 versi,
574 893 682 926 no
671 893 712 926 ι
729 868 1082 950 agminibUS,
1108 889 1168 927 ut
1188 868 1376 951 prim,

105 975 208 1012 nec
236 953 369 1011 alius
393 951 564 1011 alium
588 951 987 1034 respectantes,
1020 952 1166 1023 rari,
1204 961 1260 1012 &
1284 975 1371 1011 vra

103 1035 386 1095 tabundi
374 1037 657 1107 invicem,
702 1035 1008 1117 longinqua
1044 1056 1208 1115 atque
1248 1036 1371 1094 avia.

104 1119 341 1201 petiere:
364 1118 486 1176 finis
503 1117 771 1198 sequendi
792 1141 900 1175 nox
920 1128 974 1177 &
956 1116 1202 1177 satietas
1226 1116 1366 1177 fuit:

106 1199 235 1259 caesa
256 1202 492 1259 hostium
514 1202 583 1260 ad
607 1201 803 1260 decem
831 1201 1035 1258 millia.
1058 1204 1374 1260 nostrorum

106 1284 338 1342 trecenti
361 1283 638 1365 sexaginta
663 1284 911 1343 cecidere
937 1308 949 1340 ι
975 1285 1034 1341 in
1057 1307 1176 1364 quis
1193 1284 1375 1343 Aulus

103 1365 320 1426 Atticus
347 1413 363 1438 ‚
405 1365 696 1447 p-raefefflzus
713 1368 954 1425 cohortis
976 1414 992 1438 ,
1030 1366 1262 1445 juvenili
1284 1390 1373 1439 ar÷

104 1449 238 1509 dore
264 1458 320 1510 &
347 1447 554 1508 ferocia
582 1451 712 1530 equi
737 1449 978 1508 hostibus
1006 1449 1205 1510 illatus.

195 1535 526 1594 XXXVIII.
594 1536 683 1591 ET
729 1556 840 1591 nox
885 1532 1118 1614 quidem
1162 1532 1373 1616 gaudio·

103 1615 393 1697 praedaque
441 1616 560 1674 laeta
599 1616 942 1674 victoribus:
984 1617 1233 1675 Britanni
1273 1640 1374 1698 pam

105 1700 319 1771 lante3‚
354 1700 641 1780 mixtoque
673 1701 920 1757 virorum
952 1700 1372 1792 mulierumque

106 1746 321 1864 ploratti
349 1829 364 1854 ,
405 1784 620 1841 trahere
654 1781 968 1841 vulneratos
994 1830 1010 1854 ‚
1054 1806 1249 1842 vocare
1280 1784 1370 1841 in-

106 1886 288 1946 tegros
307 1913 322 1936 ,
345 1865 593 1925 deserere
613 1865 814 1924 domos
835 1914 849 1937 ‚
871 1889 931 1924 ac
951 1887 1047 1948 per
1062 1867 1202 1924 iram
1222 1865 1370 1924 ultro

103 1948 402 2007 incendere
441 1975 452 2007 ε
506 1948 710 2030 eligere
762 1948 1000 2008 latebras
1031 1997 1046 2020 ,
1088 1958 1144 2010 &
1191 1950 1372 2007 statim

106 2030 419 2111 relinquere
463 2056 475 2089 ε
541 2032 770 2091 miscere
837 2033 1083 2091 invicem
1150 2031 1372 2091 consilia

108 2113 331 2194 aliqua,
369 2115 500 2174 dein
532 2114 815 2198 separare:
853 2115 1155 2196 aliquando
1192 2113 1376 2197 frangi

108 2195 325 2279 aspetstu
369 2199 668 2280 pignorum
709 2196 977 2269 suorum,
1013 2198 1198 2280 faepius
1236 2216 1388 2257 con-³

108 2282 290 2339 citari:
316 2281 551 2363 satisque
579 2282 858 2341 constabat
881 2281 1076 2340 saeviffe
1098 2280 1375 2361 quosdam

107 2364 168 2421 in
203 2373 465 2448 conjuges
497 2391 557 2425 ac
588 2366 835 2436 liberOS,
876 2387 1165 2444 tamquam
1204 2364 1371 2423 mise-

110 2468 372 2508 retentur.
419 2449 706 2508 Proximus
743 2448 858 2508 dies
895 2447 1096 2507 faciem
1130 2443 1373 2507 victoriae

110 2529 269 2589 latius
303 2533 549 2614 aperuit.
586 2535 707 2591 vast·
701 2556 794 2590 im
821 2533 1027 2613 ubique
1055 2530 1354 2591 silentium
1351 2578 1376 2604 ,,

106 2611 300 2675 secreti
347 2614 512 2678 colles
545 2662 563 2690 ‚
614 2614 888 2679 fumantia
935 2614 1128 2699 procul
1179 2618 1319 2717 tecta
1348 2662 1375 2687 ,
