1700 2984
391 137 1071 199 GERMANI&
1289 157 1372 217 ις’·

93 238 159 300 ‘ht
181 237 326 299 inter
355 238 670 298 vinolentos
696 237 819 294 rixae
842 284 857 307 ,
894 239 1015 294 rarb
1058 235 1320 296 conviciis
1343 284 1364 309 ,

97 322 284 402 saepisis
329 323 474 381 caede
520 328 577 378 δε
619 319 937 376 vulneribus
980 318 1367 398 transiguntur.

94 406 206 465 Sed
224 415 280 465 δέ
299 405 368 462 de
389 400 813 461 reconciliandis
834 401 1076 459 invicem
1092 403 1334 461 inimicis
1345 451 1368 476 ,

97 497 157 548 &
179 485 472 568 jungendis
491 482 870 541 adfinitatibus
885 530 901 554 ‚
928 491 985 542 ὃς
1004 483 1367 546 adsciscendis

95 568 430 651 principibus
456 614 473 638 ,
519 565 591 623 de
636 587 770 645 pace
815 566 1064 644 denique
1106 591 1166 625 ac
1209 567 1367 628 bello

91 651 425 734 plerumque
454 651 514 707 in
538 649 804 706 conviviis
831 646 1142 706 consultant
1168 674 1179 707 :
1220 671 1368 709 tam„

89 758 265 815 quam
295 733 450 792 nullo
483 731 658 812 magis
700 753 953 812 tempore
993 750 1086 788 aut
1119 731 1191 789 ad
1228 731 1365 792 fim-

91 818 260 900 plices
282 816 648 898 cogitationes
673 835 858 896 pateat
881 814 1100 871 animus
1120 861 1136 885 ‚
1173 836 1267 873 aut
1288 816 1365 876 ad

90 923 319 980 magnas
343 895 648 957 incalescat.
691 900 846 956 Gens
868 919 983 954 non
1013 898 1181 954 astuta
1201 944 1217 968 ,
1255 921 1363 958 nec

88 981 328 1054 callida,
373 981 548 1062 aperit
599 979 780 1038 adhuc
827 978 1034 1039 secreta
1079 983 1317 1060 pestoris
1340 1000 1368 1054 ,¹

85 1065 311 1125 licentia
322 1065 450 1145 joci.
466 1065 610 1144 Ergo
626 1062 845 1122 deteim
859 1070 915 1121 δε
934 1062 1083 1121 nuda
1095 1065 1363 1124 omnium

88 1172 248 1208 mens
274 1194 289 1218 ‚
331 1145 540 1229 postera
574 1145 667 1203 die
702 1149 1025 1203 retractatur
1053 1168 1069 1221 3
1121 1154 1178 1205 &
1216 1146 1364 1208 salva.

86 1229 367 1309 utriusque
397 1226 662 1309 temporis
687 1229 828 1285 ratio
859 1229 948 1286 est.
989 1226 1364 1302 Deliberant,

86 1314 225 1373 dum
254 1312 464 1393 fingere
487 1308 740 1369 nesciunt
764 1335 776 1368 ε
814 1310 1189 1382 constituunt,
1216 1312 1360 1372 dum

83 1417 262 1458 errare
289 1418 402 1452 non
430 1391 667 1475 poffunt.

108 1510 113 1514 ·
171 1480 389 1538 XXIII.
426 1480 617 1536 Pei-m
661 1476 866 1533 humor
906 1497 971 1533 ex
1005 1475 1219 1534 hordeo
1259 1499 1355 1537 aur

80 1560 369 1622 frumento
396 1607 412 1631 ‚
468 1560 527 1617 in
571 1559 881 1639 quamdam
921 1557 1354 1621 similitudinem

79 1646 198 1705 vini
235 1662 539 1724 corruptus,
594 1642 840 1699 Proximi
884 1641 1011 1721 ripae
1057 1650 1113 1700 ὃς
1156 1642 1355 1702 vinum.

82 1747 413 1788 mercantur.
431 1724 566 1782 Cibi
584 1723 854 1803 [implices
877 1747 888 1779 ε
908 1725 1133 1802 agrestia
1148 1747 1353 1804 poma,

79 1833 270 1871 recens
315 1809 432 1868 fera
462 1853 479 1877 ‚
531 1829 624 1866 ant
674 1806 755 1864 lac
808 1826 1152 1865 concretum.
1219 1801 1352 1869 Sine

81 1913 340 1977 apparatu
376 1937 392 1960 ,
453 1889 562 1949 sine
612 1888 1014 1948 blandimentis
1063 1890 1352 1971 expellunt

79 1977 310 2038 famem.
334 1972 612 2032 Adversssis
633 1971 778 2030 sitim
795 2020 809 2043 ‚
840 1995 955 2028 non
975 1974 1176 2031 eadem
1204 1994 1353 2033 rem-

79 2059 342 2144 perantia.
386 2057 440 2115 Si
476 2054 767 2113 indulseris
806 2055 1099 2125 ebrietati,
1146 2054 1348 2139 sugge-

79 2142 255 2203 rendo
289 2160 563 2219 quantum
588 2135 981 2219 concupiscunt
1003 2184 1020 2209 ‚
1055 2139 1205 2196 haud
1236 2140 1348 2197 mi„

79 2226 179 2286 niis
208 2223 368 2282 facile
398 2222 543 2280 vitiis
570 2269 585 2292 ‚
631 2223 801 2301 quam
837 2221 1347 2282 armis·vincentur.

168 2306 385 2366 XXIV.
428 2308 626 2362 GENUS
665 2302 1102 2385 spectaculorum
1133 2326 1309 2361 unum
1328 2325 1352 2378 ,·

80 2412 246 2471 atque
271 2389 328 2446 in
352 2388 511 2445 omni
535 2408 681 2445 coetu
705 2387 878 2444 idem.
910 2381 1062 2443 Nudi
1082 2393 1342 2466 juvene8‚

80 2476 280 2553 quibus
327 2470 386 2527 id
431 2469 709 2542 ludicrum
756 2470 831 2527 est
862 2515 878 2538 ,
931 2469 1078 2526 inter
1126 2468 1342 2548 gladios

79 2556 133 2618 se
151 2605 169 2632 ‚
205 2574 371 2632 atque
396 2550 610 2612 infestas
635 2551 871 2610 frameas
891 2597 909 2624 ,
950 2549 1087 2609 saltu
1111 2552 1339 2627 jaciunt.

222 2640 372 2697 Tom.
427 2637 490 2696 V
479 2638 528 2694 J.
1104 2633 1152 2694 B
