1663 2958
191 170 510 233 Dramous
563 198 632 235 DE
683 178 1111 249 ORATORIBUS.
1207 212 1313 254 121

0 254 4 260 ’
44 270 257 329 maestus
283 280 338 331 &
357 293 511 331 atrox
530 321 546 344 ‚
577 273 672 335 sed
697 279 883 340 hilaris
907 292 966 343 ὃς
990 309 1280 351 coronatus
1304 320 1317 353 ε

0 375 2 378 ·
44 357 104 410 &
134 375 231 433 pro
269 355 541 413 memoria
570 360 684 418 mei
706 354 864 431 ,⁸¹nec
891 369 1138 430 consulat
1160 376 1314 454 quis-

40 455 252 515 quam,
289 459 391 494 nec
426 459 600 519 roget.

129 519 290 577 XIV.
307 520 429 578 V1x
451 520 589 579 dum
608 521 824 585 finierat
843 531 1158 607 Maternus,
1180 561 1311 598 con-

0 668 2 672 γ
42 599 237 658 citatus
263 609 319 660 &
336 603 488 660 velut
504 604 785 667 instinctus
802 658 822 682 ‚
843 612 972 670 cum
992 621 1055 675 V
1049 623 1306 695 {svstanius

37 683 272 760 Meſjiz‘la
324 685 641 745 cubiculum
698 697 811 771 ejus
857 695 1130 777 ,ingressus
1184 706 1259 762 est
1286 753 1304 778 ,

33 763 434 847 suspicatusque
468 792 533 827 ex
571 771 686 853 ipsa
717 775 1035 838 intentione
1065 781 1303 866 singulo-

35 870 158 906 rum
183 894 199 920 ,
243 848 502 909 altiorem
534 853 680 913 inter
702 880 795 916 eos
824 859 929 920 effe
951 861 1300 928 sermonem:

31 931 186 990 Num
216 955 411 1013 parum
437 939 790 1019 tempestivus
812 990 829 1014 ‚
869 945 1086 1026 inquit,
1125 951 1302 1010 inter-

32 1013 156 1073 veni
170 1062 186 1086 ‚
210 1015 481 1076 secretum
499 1020 788 1082 consilium
808 1035 867 1086 &
889 1029 1053 1089 causae
1071 1032 1298 1114 alicujus

28 1097 463 1159 meditationem
515 1108 872 1168 tractantibus
907 1117 929 1172 ἒ
1000 1116 1250 1177 Minime
1277 1165 1295 1192 ‚

29 1180 266 1239 minime
291 1230 307 1254 ‚
352 1184 536 1264 inquit
580 1191 853 1250 Secundus
875 1216 890 1267 ς
937 1216 1104 1277 atque
1153 1201 1295 1261 adeo
1359 1258 1362 1263 ⁴

24 1262 231 1323 vellem
256 1267 522 1326 maturius
540 1269 948 1336 intervenisses:
974 1280 1290 1345 delectasset

25 1346 179 1405 enim
207 1367 259 1405 te
289 1356 347 1406 &
368 1349 697 1432 Aprinostri
724 1362 1151 1424 accuratiffimus
1177 1366 1293 1427 ser-

24 1451 121 1488 mo
137 1477 153 1500 ‚
177 1428 306 1488 cum
329 1434 659 1495 Maternum
679 1486 696 1510 ‚
723 1462 782 1499 ut
803 1466 975 1504 omne
995 1446 1290 1526 ingenium

23 1535 85 1572 ac
119 1513 360 1573 studium
385 1514 545 1576 suum
572 1520 642 1579 ad
666 1523 846 1584 causas
875 1531 1115 1609 agendas
1151 1558 1289 1595 con-

19 1617 260 1656 verteret
284 1644 300 1669 ‚
345 1600 660 1663 exhortatus
686 1609 760 1665 est
779 1656 794 1679 ‚
831 1619 887 1668 &
911 1614 1162 1675 Materni
1184 1642 1286 1701 pro

18 1680 356 1740 carminibus
373 1679 477 1741 suis
494 1683 613 1744 laeta
627 1734 643 1759 ,
661 1710 832 1772 utque
845 1715 1032 1773 poetas
1050 1698 1284 1763 defendi

18 1762 253 1823 decebat
275 1809 292 1834 ,
331 1766 627 1827 audentior
647 1819 664 1843 ‚
704 1781 762 1832 &
791 1798 1084 1857 poetarum
1109 1785 1285 1864 quam

19 1866 303 1904 oratorum
326 1847 556 1909 similior
575 1855 771 1915 ora-tio,
794 1863 893 1917 Me
909 1866 1058 1935 vero,
1080 1865 1282 1949 inquit,

21 1927 278 1988 &sermo
301 1930 414 2012 ipse
437 1933 654 1995 infinita
677 1939 960 2023 voluptate
979 1946 1284 2026 adfecisset,

14 2032 180 2092 atque
214 2013 273 2071 id
305 2013 479 2094 ipsum
514 2018 753 2082 delectat
778 2071 793 2095 ,
841 2029 994 2106 quod
1037 2055 1134 2091 vos
1178 2037 1282 2098 viri

14 2096 216 2178 optimi
241 2104 299 2156 δε
327 2118 647 2182 temporum
674 2109 986 2170 nostrorum
1015 2137 1281 2194 oratore5‚

13 2200 124 2237 non
147 2176 451 2241 forensibus
475 2187 695 2247 tantum
718 2194 957 2272 negotiis
975 2243 992 2268 ,
1021 2206 1081 2257 &
1098 2200 1280 2262 decla-

12 2263 250 2321 matorio
292 2265 470 2324 studio
509 2269 734 2352 ingenia
769 2277 939 2336 vestra
972 2286 1236 2345 exercetis
1259 2336 1276 2361 ‚

0 2342 107 2402 'sed
137 2345 409 2425 ejusmodi
441 2352 611 2411 etiam
646 2355 1044 2438 disputationes
1076 2366 1278 2448 adjun-

0 2455 1 2489 1
12 2428 138 2508 gitis
166 2476 181 2499 ‚
225 2452 342 2509 quae
369 2433 738 2516 &ingenium
764 2441 919 2503 alunt
944 2493 960 2517 ,
1003 2455 1061 2506 <Sc
1091 2454 1280 2512 erudi-

12 2511 178 2570 tionis
208 2520 265 2571 &
288 2513 571 2576 literarum
599 2524 1052 2601 jucundiffimum
1088 2535 1280 2596 obsec-

13 2608 357 2669 tamesimin,
383 2598 512 2659 cum
537 2604 693 2666 vobis
721 2609 818 2691 qui
839 2610 935 2671 illa
958 2613 1242 2697 disputatis
1257 2669 1276 2695 ,

154 2682 304 2738 Tom.
359 2685 460 2742 VJ.
1057 2701 1094 2759 F
