1663 2958
247 155 558 224 D1At0<3us
611 188 679 223 DE
731 166 1161 239 Ormi-omnus,
1255 207 1361 260 171

0 235 2 302 ἶ
92 247 395 318 solitudine
422 263 619 340 agitur.
656 267 888 327 Oratori
909 296 1098 335 autem
1122 280 1368 347 clamore

0 323 5 346 ⁸
94 334 396 417 plausuque
419 365 554 422 opus
573 347 665 416 est,
687 355 744 405 &
765 350 918 411 velut
942 361 1190 434 quodam
1218 367 1371 428 rhea-

95 436 219 474 tro:
264 421 448 499 qualia
484 427 739 502 quotidie
776 436 1020 516 antiqtns
1056 450 1367 514 oratoribus

92 501 535 583 contingebant:
584 507 713 568 cum
760 533 844 572 tot
894 523 1098 599 pariter
1144 553 1203 586 ac
1246 553 1364 595 tam

89 581 307 642 nobiles
327 584 514 646 forum
539 597 877 655 coarctarent
900 625 911 656 ε
937 603 1067 663 cum
1091 609 1364 678 clientela:

0 678 1 691 ³
63 675 316 745 'quoque
341 715 358 739 ,
398 678 455 729 δε
481 672 690 746 tribUS‚
724 681 1163 764 municipiorum
1191 701 1363 760 etiam

83 746 394 828 legationes
421 799 437 824 ,
475 778 536 812 ac
565 780 685 838 pars
719 761 888 821 Italiae
919 772 1364 847 periclitantibus

75 830 365 902 *adsisteret
390 860 401 891 z
436 836 565 895 cum
595 840 654 897 in
684 842 956 926 plerisque
988 855 1206 931 judiciis
1237 887 1361 924 cre-

85 913 245 973 deret
264 917 499 1000 populus
520 923 811 986 Romanus
829 928 921 988 sud
941 933 1197 1001 interesse
1221 949 1361 1024 quid

71 996 438 1077 judicaretur.
487 1006 624 1064 Satis
652 1012 861 1070 constat
884 1016 956 1074 C.
984 1020 1318 1088 Cornelium
1336 1080 1358 1105 ,

83 1087 142 1138 δε
175 1083 264 1147 Μ.
301 1085 566 1144 Scaurum
590 1136 606 1159 ‚
651 1099 708 1149 δε
738 1095 810 1151 T.
834 1097 1122 1162 Milonem
1143 1155 1161 1179 ‚
1205 1119 1262 1170 ὅ(
1287 1117 1357 1176 L.

79 1164 319 1222 Bestiam
342 1213 358 1237 ‚
384 1175 438 1226 &
462 1171 820 1233 P.Vatinium
843 1225 860 1249 ,
891 1188 1157 1248 concursu
1189 1197 1357 1258 totius

64 1245 317 1318 ¹civitatis
342 1256 400 1307 δε
434 1253 707 1314 accusatos
739 1267 794 1317 &
821 1260 1076 1327 defensos
1108 1296 1119 1328 :
1164 1296 1225 1334 ut
1252 1277 1356 1337 fri-

62 1389 64 1393 ⁸
75 1327 384 1408 gidiffimos
405 1355 631 1414 quoque
654 1361 899 1402 oratores
915 1393 931 1417 ,
957 1348 1068 1430 ipsa
1092 1364 1353 1421 certantis

61 1411 270 1492 >pop-uli
297 1414 472 1474 studia
495 1464 512 1489 ‚
552 1422 787 1482 excitare
823 1435 879 1485 &
906 1429 1208 1499 incendere
1244 1466 1352 1523 po-

59 1495 302 1566 Ltuerint.
377 1500 572 1579 Itaque
615 1504 839 1568 hercule
894 1514 1171 1593 ejusmodi
1221 1524 1353 1590 libri

59 1579 284 1648 &exstant
314 1627 330 1651 ,
373 1602 434 1639 ut
474 1584 571 1663 ipsi
615 1611 841 1669 quoque
867 1640 883 1663 ‚
928 1599 1025 1676 qui
1066 1625 1302 1686 egerunt
1329 1659 1348 1685 ,

59 1683 189 1730 ¹non
215 1662 332 1721 aliis
359 1667 534 1747 magis
556 1670 899 1734 orationibus
925 1682 1264 1751 censeantur.

60 1740 62 1742 ’
161 1746 283 1804 XL.
321 1748 451 1808 JAM
491 1754 622 1809 vero
657 1758 953 1819 conciones
995 1767 1205 1830 affiduae
1230 1822 1247 1846 ‚
1286 1785 1345 1838 δε
1416 1780 1419 1781 ’

74 1825 268 1885 datum
283 1835 366 1908 jus
385 1835 824 1912 potentiffimum
843 1864 1126 1928 quemque
1149 1878 1348 1918 vexan-

51 1910 170 1981 di,
201 1930 365 1992 atque
390 1914 503 1996 ipsa
526 1917 949 1984 inimicitiarum
974 1931 1182 2010 gloria,
1213 1940 1344 2003 cum

71 1991 126 2050 se
163 1994 390 2072 plurimi
430 1997 762 2063 disertorum
790 2054 805 2077 ,
846 2031 917 2069 ne
955 2037 984 2070 a
1021 2020 1078 2075 P.
1106 2021 1343 2100 quidem

50 2076 330 2153 *Scipione
358 2129 374 2152 ,
418 2103 510 2141 aut
548 2085 695 2145 Sulla
725 2136 740 2160 ‚
783 2113 877 2150 aut
922 2097 1033 2157 Cn.
1071 2105 1344 2185 Pompeio

73 2157 407 2222 abstinerent
431 2213 446 2236 ,
488 2174 545 2225 &
579 2169 649 2226 ad
687 2171 1030 2239 incessendos
1069 2187 1346 2271 principes

71 2242 217 2301 viros
237 2290 252 2314 ,
276 2266 336 2303 ut
359 2250 434 2305 est
456 2271 649 2310 natura
671 2252 891 2316 invidiae
911 2307 926 2330 ,
956 2268 1146 2347 populi
1169 2272 1342 2332 etiam

73 2324 360 2389 histriones
410 2329 629 2393 auribus
677 2357 964 2402 uterentur
994 2395 1011 2418 ‚
1064 2373 1340 2429 quantum.

72 2406 332 2470 ardorem
366 2413 605 2496 ingeniis
630 2466 646 2489 ‚
696 2442 829 2501 quas
857 2431 1164 2492 oratoribus
1190 2434 1336 2499 faces

72 2489 449 2555 admovebant
473 2505 484 2556 1
525 2501 656 2559 Non
684 2504 753 2563 de
779 2508 954 2568 otiosa
978 2521 1033 2572 ὃ(
1056 2519 1242 2595 quieta
1277 2545 1338 2581 re

71 2572 356 2654 loquimur
376 2628 390 2648 ,
433 2589 490 2639 Sc
523 2605 640 2662 quae
674 2588 949 2666 probitate
977 2603 1035 2655 ὃς
1063 2601 1337 2665 modestia.

1036 2683 1091 2738 H
1130 2683 1171 2756 ij
