1663 2958
159 130 276 192 CN.
321 130 478 195 Jum
523 128 859 190 AomcoLAE
902 125 1123 188 NorAE.
1210 145 1322 208 295

38 240 56 269 [τ
125 224 353 279 CAPNI.
378 228 524 278 Tanto*
544 229 686 294 major
704 227 816 277 laus.
838 229 897 276 Iis
918 225 1117 276 maxime
1138 224 1331 288 saeculis,

0 300 1 314 ³
42 294 228 360 ¹quibus
259 295 493 361 profligati
521 293 621 341 sunt
648 311 798 341 mores
818 332 832 353 ‚
870 300 914 341 ὃ(
947 294 1128 341 feminis
1160 294 1329 360 quaevis

39 352 225 408 [audere
262 362 366 407 licet
397 398 409 420 ,
455 362 504 407 in
533 358 654 407 bona
682 377 824 407 uxore
857 358 982 407 tanto
1009 360 1161 421 major
1198 360 1294 407 laus
1313 398 1326 420 ,

57 423 233 493 quanto
266 428 316 472 in
344 425 466 473 mala
497 427 600 491 plus
633 427 779 490 culpae
809 427 886 473 est.

36 508 39 517 ·
127 489 395 556 Quaesturae.
409 491 516 554 Qua
531 493 704 558 primus
727 491 785 538 ad
802 491 1003 540 honores
1021 491 1183 539 aditus.
1204 489 1328 540 Vide

13 554 192 621 supra
220 557 394 606 Annal.
417 558 484 605 III
505 597 517 618 ,
556 576 632 614 29.
691 557 1037 606 Provinciarum
1071 557 1328 623 praesidibus

93 624 297 671 uaestores
335 630 379 671 δε
419 625 690 690 quaestorum
725 621 876 670 scribae
902 660 915 682 ‚
950 623 1064 671 sorte
1101 626 1239 682 letti,
1278 638 1326 671 ut

24 715 36 734 t
54 639 285 738 difficilius
304 727 317 749 ,
362 688 646 757 timidiusque
674 703 934 754 peccarent.
977 688 1098 740 Vide
1122 688 1323 736 Plinium

0 788 1 794 η
32 752 142 815 'IV,
173 753 261 819 Ep.
289 773 360 804 12..

30 850 37 855 -
118 818 330 876 Salvium
355 818 600 869 Titianum.
639 817 844 868 Fratrem
871 818 1078 869 Othonis
1111 819 1322 884 Impera-

54 887 193 945 toris,
233 885 289 934 de
320 902 414 952 quo
444 884 560 951 saepe
589 885 720 952 supra
755 886 875 935 Hist.
897 888 917 935 Ι
941 886 1064 934 &IL

119 950 376 1003 Sublatam.
435 951 559 1000 Ante
602 951 854 1017 susceptum
883 991 896 1013 ‚
941 951 1254 1019 sublatumque
1297 967 1324 999 e

26 1017 191 1079 (terra,
220 1019 266 1065 in
299 1018 390 1084 qua
407 1017 529 1064 nuda
547 1019 657 1065 nudi
676 1019 870 1067 infantes
894 1019 1124 1079 Romani,
1158 1015 1318 1065 recens

46 1086 140 1132 nati
163 1122 175 1144 ,
215 1083 578 1150 deponebantur.
612 1084 737 1133 Vide
768 1082 887 1133 Plin.
908 1083 1000 1134 VII
1022 1124 1035 1147 ‚
1075 1088 1120 1134 in
1142 1081 1316 1150 praefat.

24 1168 178 1199 anum.
207 1168 222 1195 1
246 1188 258 1209 ,
294 1156 337 1198 &
356 1150 625 1199 Suetonium
650 1152 697 1198 in
723 1149 847 1216 Aug.
869 1150 931 1199 V.

112 1213 415 1264 Tribunatum
433 1214 589 1275 plebis.
616 1214 818 1278 Hujusce
839 1214 1121 1282 magistratus
1143 1212 1316 1262 summa

44 1282 319 1341 austoritas,
353 1283 549 1346 potestas
580 1281 876 1330 sacrosantf’ta.
921 1282 1034 1330 Ideo
1066 1279 1316 1328 tribunatus

25 1363 219 1394 ·-annum
240 1349 391 1410 quiete
408 1353 452 1394 &
470 1350 567 1394 otio
595 1347 786 1408 transiit,
816 1365 873 1395 ne
894 1347 1136 1394 Neronem
1158 1345 1312 1392 offen—-

43 1410 180 1460 deret.
231 1412 307 1460 De
344 1411 566 1477 dignitate
608 1413 772 1461 tribuni
811 1414 958 1479 plebis
999 1411 1144 1459 multa
1176 1410 1313 1458 habet

40 1475 213 1526 Piinius
241 1476 296 1538 I,
328 1475 416 1541 Ep.
439 1496 515 1541 23·

104 1541 361 1606 Jurisdib'bio
385 1542 637 1593 obvenerat.
662 1545 785 1592 Inter
805 1559 1017 1608 praetores
1046 1542 1311 1590 eminebant

29 1622 203 1673 ‘praetor
224 1608 444 1655 Urbanus
479 1615 522 1656 δε
553 1626 719 1675 praetor
752 1612 1038 1673 peregrinus.
1081 1608 1163 1655 Ille
1192 1611 1309 1656 inter

31 1676 155 1722 cives
177 1712 190 1733 ‚
227 1673 301 1721 hic
327 1676 445 1722 inter
471 1678 741 1740 peregrinos
760 1712 772 1733 ‚
803 1676 874 1722 vel
901 1675 1169 1739 peregrinos
1193 1676 1314 1722 inter

30 1744 80 1784 ὅ(
101 1742 220 1786 cives
240 1741 310 1797 jus
334 1740 513 1788 dicebat
538 1759 549 1786 τ
583 1741 659 1788 De
684 1758 844 1788 eorum
873 1738 1182 1800 jurisdiffione
1204 1740 1311 1788 vide

17 1802 221 1852 -Livium
251 1802 460 1864 XXIV,
495 1823 574 1859 44.
636 1805 766 1853 Talis
806 1804 1052 1866 jurisdifflo
1090 1823 1185 1851 non
1222 1805 1315 1853 ob-

12 1886 220 1919 venerat
246 1870 496 1936 Agricolae.
533 1869 602 1918 Ex
628 1874 679 1919 iis
712 1872 887 1921 tantum
907 1871 1174 1936 praetoribus
1194 1870 1279 1920 fuit
1294 1910 1308 1932 ,

14 1939 111 2002 «qui
147 1937 467 2003 quaestionibus
503 1937 696 2002 publicis
727 1954 964 2004 praeerant.
1020 1937 1134 1985 Inde
1169 1936 1306 1986 facile

30 2005 74 2051 ei
103 2002 186 2051 fuit
216 2003 455 2053 silentium.
503 2003 663 2052 Ludos
689 2022 840 2053 tamen
869 2043 882 2064 ,
915 2021 1032 2070 quos
1067 2003 1198 2051 edere
1230 2003 1309 2051 so·-

13 2068 185 2118 debant
225 2084 438 2135 praetores
462 2108 475 2130 ‚
513 2072 694 2138 aliaque
736 2072 927 2118 honoris
963 2071 1119 2116 inania
1161 2069 1310 2117 modo

10 2138 218 2184 >rationis
243 2152 379 2204 atque
397 2136 685 2186 abundantiae
703 2137 828 2184 duxit
843 2175 854 2196 ‚
880 2134 1053 2203 quanto
1073 2153 1100 2184 a
1126 2135 1303 2183 luxuriz'i

28 2205 285 2264 remotior,
325 2200 451 2251 tanto
488 2202 620 2251 famae
657 2206 865 2269 propior.
915 2203 1101 2267 Septem
1145 2200 1303 2250 diebus

7 2265 251 2318 solemnes
272 2270 404 2318 ludos
424 2270 712 2318 celebrabant
731 2285 944 2336 praetores
960 2306 972 2328 ,
1004 2268 1126 2315 tanta
1149 2284 1302 2316 autem

25 2333 225 2396 luxuria,
259 2337 330 2384 vel
362 2335 462 2401 ipso
495 2353 711 2403 vergente
746 2337 942 2402 imperio
971 2373 982 2393 ,
1014 2349 1059 2382 ut
1083 2336 1300 2382 immanis

27 2405 328 2463 pecuniarum
348 2405 411 2451 vis
436 2405 482 2450 in
503 2403 587 2451 hos
616 2403 747 2451 ludos
776 2401 1130 2467 impenderetur.
1175 2399 1300 2450 Vide

20 2465 236 2515 Photium
259 2506 271 2528 ,
301 2468 423 2516 Cod.
445 2468 642 2517 LXXX
662 2508 674 2529 ‚
705 2487 759 2517 ex
784 2467 1151 2533 Olympiodoro.
1191 2465 1297 2515 Ce-

23 2531 169 2581 terum
207 2533 385 2581 honoris
427 2534 586 2582 infmia
631 2533 751 2583 redte
788 2536 898 2585 dixit
934 2533 1158 2582 Tacitus:
1198 2535 1292 2580 vim

15 2601 149 2652 enim
179 2600 460 2662 magistratus
491 2602 758 2646 obtinebant
785 2603 1092 2663 Imperatores
1115 2636 1126 2654 ‚
1159 2599 1294 2652 ludos

1002 2660 1137 2723 Nax
