1663 2958
239 187 323 223 DE
373 165 575 225 ORAT
598 184 874 223 omnus
919 165 1152 225 NorAE.
1255 175 1367 242 369

166 262 423 312 LUCIUS
445 261 666 314 VERUS
681 302 694 324 ‚
729 281 867 331 quem
891 262 961 311 Μ.
977 264 1188 313 Aurelius
1210 263 1374 314 Anto-

101 329 239 374 ninus
258 367 271 387 ‚
301 332 491 392 egregio
513 331 657 393 magis
675 368 688 388 ,
725 328 863 395 quam
886 329 1101 378 laudabili
1125 332 1340 397 exemplo
1356 369 1373 394 ,

102 393 286 457 imperii
312 394 484 440 socium
516 391 717 454 fecerat,
756 398 993 461 congiaria
1015 395 1138 445 dedit
1159 397 1373 446 denarios

101 459 446 524 quadringenos
466 496 480 520 ,
516 456 711 508 Gallicae
741 476 928 510 monetae
964 460 1104 511 libras
1127 480 1236 526 311,
1278 461 1374 516 Ms-

102 522 384 574 Vindobon.
408 525 463 572 In
484 527 680 572 nummis
702 543 896 592 quatuor
918 530 1156 595 congiaria
1178 529 1371 578 aLucio

102 588 234 639 Vero
269 590 370 638 data
402 606 725 639 memorantur.
763 593 962 641 Lucium
988 591 1096 642 vero
1122 612 1176 643 ea
1206 594 1374 644 dediffe

101 671 207 702 cum
245 655 315 703 M.
358 656 549 704 Aurelio
589 657 832 705 Antonino
883 661 1095 708 testantur
1141 660 1372 727 utriusque

100 720 398 785 Imperatoris
421 724 611 770 nummi.
643 723 697 770 In
723 741 914 771 nummo
936 727 1060 773 enim
1076 726 1211 774 Lucii
1228 727 1370 787 Veri,

101 788 208 834 cuso
233 788 374 835 Urbis
401 789 593 837 conditae
623 806 748 836 anno
773 806 1041 839 Dccccxlv
1062 829 1076 851 ‚
1107 791 1373 843 LIB.AV-

100 850 501 903 GVSTORVM.
537 853 585 902 id
625 857 718 915 est,
762 853 1014 904 liberalitas
1050 857 1373 923 Augustorum.

101 917 338 966 Nummus
372 937 559 986 quoque
592 919 662 968 M.
685 921 863 969 Aurelii
889 923 1120 980 Antonini
1149 921 1274 971 cusus
1310 926 1374 971 est

102 1000 229 1031 anno
248 984 389 1033 Urbis
410 986 602 1034 condita:
621 1003 888 1036 Dccccxxr
910 1026 922 1047 ,
955 986 1177 1038 CONG.
1208 987 1375 1040 AVG.

98 1049 208 1097 IIII.
264 1053 312 1098 in
354 1053 477 1113 cujus
511 1053 683 1116 postica
714 1070 842 1118 parte
876 1053 967 1101 duo
1007 1054 1310 1118 Imperatores
1348 1073 1376 1103 e

99 1114 313 1182 suggesto
339 1120 626 1184 congiarium
648 1119 758 1167 dant
774 1120 971 1185 populo·
1001 1119 1123 1169 Vide
1145 1120 1222 1168 Cl.
1241 1121 1374 1172 Vail-

101 1181 200 1231 lant
225 1216 240 1239 ,
276 1183 371 1233 loc.
407 1188 481 1232 cit.
513 1202 623 1252 pag.
654 1194 763 1246 246.
816 1192 859 1233 &
898 1184 1194 1235 Harduinum
1215 1224 1230 1248 ‚
1264 1186 1375 1235 ibid.

98 1265 213 1315 pag.
231 1267 322 1308 777
348 1255 521 1308 &781.

167 1380 238 1430 M.
271 1380 612 1430 AURELIUS
643 1379 1060 1431 ANTONINUS
1079 1420 1092 1443 ,
1130 1397 1179 1430 ut
1209 1399 1372 1431 omnes

98 1443 338 1522 Principes
374 1445 625 1512 sapientia,
666 1447 725 1495 fic
761 1447 1025 1496 liberalitate
1059 1449 1180 1496 vicit.
1230 1447 1373 1497 Hanc

97 1528 291 1578 egregio
313 1513 440 1560 dono
461 1514 636 1561 testatus
659 1514 722 1560 est
744 1531 868 1561 anno
890 1514 958 1561 U.
978 1514 1036 1562 C.
1057 1529 1372 1574 Dccccxvn,

102 1579 342 1626 tribunitiae
369 1576 454 1625 suae
483 1580 712 1641 potestatis
748 1579 1096 1627 o&avodecirno
1119 1597 1134 1641 3
1165 1579 1223 1627 fic
1245 1584 1373 1627 enirn

101 1644 399 1709 explicandus
421 1645 533 1690 mihi
559 1644 734 1692 videtur
753 1642 967 1692 Eusebius
993 1647 1042 1692 in
1066 1645 1293 1695 Chronic.
1315 1645 1375 1693 ad

99 1726 275 1757 annum
313 1725 479 1758 xvnI.
537 1707 835 1772 Imperatores
864 1709 1018 1758 multis
1046 1708 1186 1759 multa
1213 1709 1376 1777 largiti

81 1774 233 1839 sunt,
272 1773 323 1824 Cr
355 1775 636 1835 pecuniam,
676 1792 774 1840 quae
796 1774 909 1841 fifio
949 1774 1224 1835 debebatur,
1257 1794 1374 1840 pro-

96 1839 266 1889 vinciis
297 1839 593 1889 concedentes
616 1879 632 1903 ‚
669 1839 848 1889 tabulas
880 1839 1126 1890 debitorum
1153 1841 1202 1889 in
1226 1843 1373 1891 medio

95 1904 317 1954 Romanae
357 1905 480 1954 urbis
505 1904 609 1968 foro
639 1905 825 1956 incendi
841 1904 1070 1968 fecerunt.
1125 1906 1263 1956 Tunc
1301 1908 1372 1956 M.

96 1971 363 2020 Antoninus
385 1974 542 2020 omnia
555 2011 568 2032 ,
599 1989 700 2038 quae
719 1973 775 2022 ab
793 1974 924 2021 annis
945 1973 1249 2040 quadraginta
1269 1971 1341 2021 sex
1360 2013 1375 2034 ,

97 2055 270 2103 nempe
297 2038 353 2086 ab
381 2055 506 2084 anno
540 2038 682 2087 Urbis
715 2039 908 2087 conditae
936 2055 1229 2097 Dcccrxm,
1262 2038 1372 2088 fisco

101 2110 145 2151 &
177 2106 335 2152 aerario
370 2103 648 2152 debebantur
671 2142 685 2164 ‚
723 2103 921 2165 remifit,
952 2104 1011 2155 L.
1027 2104 1157 2155 Vero
1186 2107 1371 2169 imperii

99 2175 143 2217 &
163 2170 439 2218 liberalitatis
465 2168 604 2218 socio.
633 2170 778 2233 Quod
796 2187 1039 2235 perperam
1057 2170 1153 2218 Dio
1173 2169 1369 2231 LXXI,

97 2252 212 2302 pag.
241 2241 336 2295 814
358 2274 370 2296 ‚
412 2234 470 2282 ad
506 2253 679 2283 annum
712 2251 1018 2284 Dccccxxnt
1051 2237 1230 2296 retulit,
1264 2235 1370 2286 cum

93 2302 215 2353 solus
247 2304 493 2366 imperaret
527 2301 812 2352 Antoninus.
870 2300 1060 2365 Quanta
1091 2318 1243 2351 autem
1277 2320 1369 2367 pe·-

99 2371 243 2417 cuniae
275 2371 340 2415 vis
374 2384 480 2416 tunc
506 2367 685 2416 remissa
711 2367 874 2428 fuerit,
914 2369 1118 2417 aestimari
1139 2370 1287 2433 potest
1312 2386 1369 2417 ex

94 2430 153 2482 iis
174 2472 196 2493 ,,
224 2451 324 2499 quae
357 2431 486 2499 supra
516 2436 561 2480 in
585 2433 829 2484 Hadriano
857 2435 1103 2483 retulimus.
1148 2434 1371 2483 Praeterea

101 2499 368 2547 Antoninus
412 2499 647 2565 congiaria
693 2499 816 2550 dedit
858 2498 1071 2549 denarios
1113 2499 1372 2567 ob't'ingenos

101 2564 436 2630 quinquagenos
461 2604 475 2623 ‚
517 2563 708 2614 Gallicae
742 2583 936 2615 monetae
964 2567 1098 2615 libras
1124 2573 1243 2627 651,
1277 2564 1371 2617 Ms.

104 2629 378 2690 Vindobon.
420 2630 537 2681 Haec
576 2631 679 2683 data
711 2631 883 2700 septem
916 2632 1282 2696 liberalitatibus,
1322 2634 1372 2681 in

1091 2696 1204 2768 Qv
