1663 2958
312 216 429 276 154
602 191 1315 251 SUPPLEMENTUM

309 319 373 356 ac
405 288 635 350 dicendi
661 289 1060 349 exercitatione
1088 288 1365 352 formatur
1387 300 1446 353 &
1468 298 1608 376 perdi
1631 295 1638 359 1

313 378 514 436 ficitur.
535 377 663 433 Haec
685 373 824 432 dum
845 374 992 455 apud
1010 398 1110 433 nos
1133 376 1360 455 viguere
1379 423 1395 449 ,
1411 374 1635 466 flor-uitta}

314 458 480 520 simul
508 457 848 534 eloquentia.
896 457 1011 518 Ubi
1034 456 1316 519 senescere
1349 482 1637 541 coepere„

317 541 610 628 paullatim
648 564 875 622 quoque
916 541 1242 622 eloquentia
1283 543 1561 625 relanguit
1581 533 1637 623 ᾗ]

321 622 755 705 adventitiisque
785 625 931 684 vitiis
960 626 1162 684 obruta
1184 673 1200 698 ‚
1236 633 1381 707 jacet
1415 624 1639 686 conse-'³

326 710 480 796 pulta
504 757 520 782 ,
564 731 667 767 nec
707 733 980 790 umquam
1005 757 1020 781 ‚
1065 712 1082 785 (
1108 710 1323 768 utinam
1358 732 1451 770 me
1479 729 1641 773 111631

326 795 485 856 fallat
533 793 725 875 opinio
758 797 775 870 )
828 791 1089 875 resurget.
1168 795 1402 852 Constat
1453 793 1619 853 enim·
1642 847 1643 850 ,

329 899 555 940 aetatum
599 878 918 957 artiumque
959 875 1222 935 omnium
1269 875 1644 958 experientia‘i}

334 988 366 1024 a
401 961 640 1020 modicis
669 969 724 1020 δέ
757 959 986 1018 rudibus
1013 960 1185 1019 initiis
1215 961 1286 1020 ad
1323 961 1626 1039 summum*

333 1043 762 1131 perfectumque
796 1048 1008 1102 evec'tas
1039 1041 1197 1104 fuisse
1227 1045 1400 1104 bonas
1431 1044 1627 1103 homi*

334 1153 477 1192 1111111
517 1148 735 1187 mentes
765 1150 778 1183 z
819 1127 888 1185 ab
914 1126 1014 1185 illo
1041 1147 1229 1187 autem
1260 1126 1624 1211 perfeetionis

339 1214 495 1296 apice
547 1210 584 1270 fi
628 1208 802 1270 semel
848 1211 1156 1270 exciderint
1183 1259 1198 1283 ‚
1241 1212 1622 1272 humanarum·
1648 1240 1649 1268 ;

338 1298 546 1358 virium
578 1296 904 1354 humanaeve
935 1293 1092 1354 sortis
1132 1318 1249 1354 non
1285 1295 1392 1358 effe
1414 1344 1431 1370 ‚
1470 1295 1624 1358 unde

342 1378 671 1441 descensum
701 1380 775 1438 est
801 1380 1039 1461 regredi.

439 1491 487 1542 3.
533 1465 605 1522 M
623 1486 649 1520 ε
670 1485 691 1520 3
712 1486 732 1520 3
751 1484 792 1520 A
811 1486 840 1520 1
859 1485 896 1520 Α
924 1509 939 1533 ,
983 1462 1114 1521 cum
1144 1462 1255 1520 haec
1287 1464 1398 1521 acri
1436 1461 1653 1522 inten--¹

347 1551 504 1609 tione
523 1544 740 1605 dixiffet
754 1593 769 1617 ,
791 1545 863 1603 ad
877 1548 1211 1605 Maternum
1228 1555 1283 1604 8<
1300 1546 1626 1606 Secundum
1654 1593 1655 1597 ,

349 1628 643 1691 conversus
667 1677 682 1701 ‚
720 1630 962 1688 vestrum
992 1631 1065 1688 est
1090 1675 1105 1699 ‚
1149 1629 1335 1710 inquit
1355 1677 1371 1702 ,
1405 1628 1656 1691 altiores:

347 1715 470 1776 illas
497 1736 683 1772 16111111
707 1713 852 1771 vices
877 1760 892 1784 ‚
928 1735 1021 1772 aut
1046 1712 1082 1771 fi
1111 1735 1220 1793 qua
1247 1713 1351 1772 alia
1375 1714 1451 1772 est
1472 1712 1632 1774 causa

351 1822 447 1859 cur
468 1799 537 1856 ab
561 1796 885 1877 eloquentia
906 1797 1326 1870 deflexerimus‚
1353 1796 1635 1859 evolvere·
1656 1819 1658 1825 ’

353 1883 494 1942 Tibi
534 1882 686 1940 enim
712 1928 728 1953 ‚
771 1880 1036 1940 Materne
1061 1928 1076 1952 ‚
1117 1902 1217 1961 pro
1264 1881 1488 1964 poetico
1535 1902 1663 1962 tum

355 1975 475 2049 jure
493 2013 508 2036 ‚
539 1964 749 2023 credita
777 1962 949 2023 desim
977 1987 1190 2023 arcana.
1212 1967 1301 2023 Te
1323 2013 1338 2037 ‚
1363 1965 1663 2040 Secunde5.i

355 2048 638 2131 quidquid
693 2048 753 2106 in
802 2046 936 2107 foro
980 2048 1341 2107 reconditum
1396 2049 1663 2118 docuere?

354 2133 527 2214 longa
552 2132 893 2214 experientia
918 2131 1227 2216 ingensque
1253 2133 1446 2215 gloria.
1478 2135 1636 2192 Tum
1660 2143 1663 2191 ἰ

358 2215 652 2277 subridens
710 2221 1000 2274 Maternus
1036 2259 1061 2285 ,
1114 2240 1144 2274 a
1195 2237 1250 2276 te
1287 2265 1303 2289 ‚
1360 2215 1598 2276 Messala
1617 2235 1663 2291 ,ᾗ

359 2299 647 2383 impositas
671 2347 686 2371 ‚
727 2324 757 2358 a
789 2300 952 2359 nobis
979 2298 1245 2381 susceptas
1278 2320 1456 2380 partes
1491 2299 1663 2361 exse-¹

364 2407 623 2466 quemur.
666 2382 777 2455 At,
805 2382 932 2443 licet
957 2407 1048 2443 me
1073 2382 1245 2442 deum
1273 2384 1638 2467 interpretem

368 2469 592 2540 dixeris,
618 2468 766 2550 prior
786 2488 979 2528 tamen
1003 2467 1285 2527 Secundus
1308 2466 1644 2527 sententiam

364 2552 519 2612 suam
539 2553 763 2633 aperiat.
781 2555 844 2610 In
863 2553 945 2611 his
965 2552 1119 2610 enim
1134 2600 1150 2624 ,
1171 2574 1306 2632 quas
1329 2556 1646 2624 tractamus,

366 2637 757 2719 quaestionibus
783 2635 1122 2721 explicandis
1141 2682 1161 2712 ,
1202 2635 1324 2720 plus
1346 2635 1492 2698 valet
1522 2634 1643 2698 usus
