1663 2958
0 0 14 175 Ι
38 0 87 19 ”nd

0 179 9 267 1

403 188 458 253 A
502 215 534 250 G
582 208 622 250 R
666 208 686 247 1
732 210 763 246 c
811 204 847 246 ο
894 210 923 246 L
969 202 1029 246 A.
1274 189 1349 259 87

76 310 258 356 tarem
285 292 521 376 gloriam
556 289 692 348 alius
725 306 1020 368 occuparet
1046 309 1059 342 z
1090 290 1148 342 &
1167 301 1349 343 cetera

78 398 383 458 utcumque
410 371 624 432 facilius
653 370 1010 440 dissimulari,
1035 367 1188 426 ducis
1211 366 1349 427 boni

0 480 1 488 ¹
79 460 505 544 imperatoriam
524 455 791 513 virtutem
813 451 937 512 effe.
954 450 1188 510 Talibus
1208 451 1350 509 curis

79 563 343 606 exercitus
366 588 381 613 ‚
414 537 680 621 quodque
710 535 855 594 saevae
884 532 1236 617 cogitationis
1261 535 1351 591 in·-

79 626 289 686 dicium
308 644 441 695 etat,
457 620 664 680 secreto
684 616 783 678 suo
804 617 1044 689 satiatus,
1065 616 1349 698 optimum

78 711 138 769 in
179 706 456 792 praesentia
508 703 691 761 statuit
723 749 739 773 ,
791 723 1062 783 reponere
1110 699 1308 756 odium
1334 744 1353 771 ,

81 793 261 851 donec
301 791 543 872 impetus
594 784 756 844 famae
798 794 853 845 &
892 782 1049 842 favor
1088 780 1356 840 exercitiis

81 872 462 957 languesceret
489 895 500 928 ε
544 893 677 928 nam
718 870 891 927 etiam
932 888 1054 927 tum
1092 864 1358 946 Agricola

82 957 430 1018 Britanniam
464 953 775 1012 obtinebat.

162 1043 284 1101 XL.
311 1045 524 1099 IorruR
549 1064 581 1088 ct
600 1032 959 1117 triumphalia
985 1049 1317 1090 ornamenta
1335 1044 1359 1100 ‚‘

80 1132 183 1185 22&
210 1123 427 1182 illustris
451 1122 627 1179 statuae
654 1120 933 1176 honorem
954 1163 969 1187 ,
993 1125 1050 1175 &
1075 1111 1356 1194 quidquid

79 1230 226 1290 „pro
257 1204 544 1286 triumpho
567 1204 730 1261 datur
746 1231 779 1254 ω
804 1249 819 1272 ,
851 1199 1032 1258 multo
1051 1198 1357 1257 verborum

81 1291 296 1348 honore
316 1287 596 1346 cumulata
611 1335 626 1358 ,
648 1284 875 1343 decerni
894 1284 952 1340 in
970 1281 1159 1340 senatu
1177 1279 1355 1359 jubet,

31 1389 38 1399 '
80 1373 329 1452 addique
355 1369 572 1452 insuper
596 1368 925 1450 opinionem
946 1413 962 1437 ‚
996 1365 1205 1441 Syriam
1235 1383 1360 1444 pro-

82 1455 327 1517 vinciam
355 1452 633 1535 Agricolae
657 1450 947 1520 destinari,
977 1470 1208 1506 vacuam
1234 1465 1358 1503 tum

81 1552 265 1598 morte
286 1537 454 1597 Atilii
469 1535 598 1595 Rufi
623 1533 919 1593 consularis
934 1579 950 1604 ,
980 1539 1036 1591 δέ
1055 1528 1358 1610 majoribus

80 1621 429 1683 reservatam.
472 1618 783 1678 Credidere
814 1616 1066 1698 plerique
1089 1613 1357 1672 libertum

81 1729 149 1766 ex
200 1702 585 1767 secretioribus
636 1698 952 1759 ministeriis
1004 1695 1228 1756 miffum
1283 1694 1358 1753 ad

80 1787 409 1871 Agricolam
436 1833 453 1858 ‚
500 1783 827 1855 codicillos,
874 1780 1074 1859 quibus
1115 1780 1167 1839 ei
1209 1778 1361 1856 Syria

81 1872 319 1931 dabatur
343 1916 359 1941 ,
405 1867 584 1927 tuliffe
610 1914 627 1941 ,
667 1889 797 1926 cum
837 1885 1109 1947 praecepto
1130 1910 1146 1935 ,
1188 1882 1286 1933 111,
1320 1859 1361 1918 fi

80 1956 143 2014 in
163 1951 449 2013 Britannia
476 1951 625 2011 foret
644 1999 660 2024 ,
693 1948 1040 2009 traderentur
1064 1972 1075 2004 ε
1114 1966 1359 2024 eumque

86 2037 355 2097 libertum
396 2036 455 2094 in
500 2033 616 2117 ipso
666 2031 811 2092 freto
856 2030 1076 2090 Oceani
1124 2029 1360 2105 obvium

84 2120 361 2203 Agricolae
393 2167 409 2190 ‚
447 2141 517 2177 ne
555 2116 832 2200 appellato
876 2114 1111 2195 quidem
1140 2135 1246 2183 6ο,
1289 2109 1363 2170 ad

85 2204 489 2263 Domitianum
511 2198 773 2259 remeaffe
797 2224 807 2257 ε
835 2198 941 2257 five
961 2219 1157 2257 verum
1181 2193 1324 2252 istud
1338 2239 1360 2266 ‚

86 2286 194 2347 five
221 2310 286 2347 ex
322 2286 552 2368 ingenio
576 2283 844 2366 Principis
883 2281 1075 2339 fiotum
1108 2302 1168 2337 ac
1205 2301 1362 2336 com-

89 2370 328 2451 positum
351 2372 440 2429 est.
478 2367 816 2426 Tradiderat
845 2365 1073 2424 interim
1093 2359 1363 2443 Agri-cola.

87 2452 372 2513 successori
394 2451 488 2512 suo
515 2451 858 2531 provinciam
884 2448 1134 2528 quietam
1155 2466 1364 2503 tutam-

88 2559 215 2618 que.
264 2538 347 2595 Ac
388 2558 458 2594 ne
497 2534 758 2593 notabilis
794 2531 1116 2593 celebritate
1154 2537 1209 2588 &
1247 2526 1362 2587 fre-

87 2619 321 2701 quentia
386 2618 800 2683 occurrentium
866 2615 1123 2678 introitus
1186 2608 1364 2684 effer,
