1700 2984
288 173 364 225 16
471 163 543 226 C.
590 166 1018 224 CORNELH
1064 160 1374 225 TAc11-1'

281 287 344 325 ut
369 288 433 324 ea
462 286 721 344 quoque,
752 287 995 345 quorum
1026 289 1195 348 penes
1219 267 1447 350 plebem
1472 282 1564 328 afai

282 350 517 409 bitrium
543 350 650 419 est,
678 347 823 428 apud
848 351 1125 433 principes
1143 354 1563 433 pertrastentur.

282 436 517 493 Coeunt
541 479 558 504 ‚
602 428 703 489 nifi
732 433 872 512 quid
903 432 1203 493 fortuitum
1233 443 1290 495 ὃς
1315 433 1565 494 subitum

281 516 565 588 inciderit,
586 515 749 575 certis
771 516 987 591 diebus,
1009 517 1139 577 cum
1159 539 1251 578 aut
1267 518 1563 578 inchoatur

280 600 424 659 luna·
442 647 459 672 ,
500 620 595 658 aut
623 599 893 682 impletur
920 627 932 660 :
969 626 1104 660 nam
1132 602 1363 683 agendis
1396 602 1561 661 rebus

279 686 388 743 hoc
410 682 897 766 auspicatissimum
917 686 1142 745 initium
1163 686 1416 745 credunt.
1441 687 1561 744 Nec

280 768 505 828 dierum
537 790 840 826 numerum
868 816 883 840 ‚
921 791 983 829 ut
1007 794 1107 829 nos
1128 817 1145 843 ,
1177 768 1273 828 sed
1305 769 1562 828 noctium

279 872 630 935 computant.
647 852 731 911 Sic
753 855 1112 927 constituunt,
1129 852 1199 912 fic
1223 852 1560 912 condicunt:

279 960 392 997 nox
417 936 620 996 ducere
645 936 802 996 diem
835 933 1071 997 videtur.
1121 937 1269 997 Illud
1295 960 1360 997 ex
1388 936 1563 996 liber-

280 1042 396 1081 tate
419 1020 623 1080 vitium
641 1066 657 1092 ‚
690 1020 846 1100 quod
867 1045 982 1079 non
1006 1020 1205 1092 simul,
1239 1044 1338 1080 nec
1365 1042 1424 1079 ut
1443 1021 1564 1101 justi

279 1104 625 1164 conveniunt
649 1149 665 1175 ‚
705 1101 801 1162 sed
832 1112 889 1163 δε
919 1103 1059 1164 alter
1083 1152 1099 1176 ‚
1139 1113 1197 1165 δε
1222 1105 1415 1164 tertius
1441 1105 1562 1164 dies

279 1188 633 1249 cunstatione
657 1188 984 1246 coeuntium
1010 1187 1335 1247 absumitur.
1355 1190 1438 1247 Ut
1458 1209 1565 1247 tur-

278 1273 363 1332 bae
391 1271 629 1353 placuit,
671 1270 967 1331 confidunt
992 1273 1210 1331 armati.
1258 1271 1561 1330 Silentium

280 1378 378 1440 per
403 1354 714 1414 sacerdotes
738 1402 756 1428 ,
800 1356 1002 1436 quibus
1029 1377 1153 1415 turn
1178 1364 1234 1416 δε
1262 1357 1563 1415 coercendi

277 1447 364 1524 jus
383 1441 488 1512 est,
513 1439 838 1522 imperatur.
861 1442 1006 1499 Mox
1028 1463 1120 1500 rex
1134 1488 1151 1513 ,
1171 1439 1261 1499 vel
1283 1440 1563 1522 princePS,

278 1545 446 1608 prout
470 1544 594 1582 aetas
623 1523 824 1603 cuique
843 1571 858 1596 ‚
886 1545 1050 1607 prout
1072 1523 1334 1583 nobilitas
1352 1572 1367 1596 ,
1396 1545 1563 1606 prout

275 1609 450 1669 decus
476 1606 759 1667 bellorum
783 1656 799 1679 ‚
837 1629 1001 1690 prout
1026 1606 1289 1667 facundia
1320 1609 1394 1666 est
1414 1655 1429 1679 ‚
1462 1631 1564 1667 au-

278 1693 528 1764 diuntur,
546 1691 872 1750 austoritate
890 1689 1159 1751 suadendi
1175 1691 1372 1773 magiS‚
1388 1691 1562 1772 quam

275 1775 516 1861 jubendi
541 1776 827 1858 potestate.
872 1777 926 1833 Si
948 1772 1228 1856 displicuit
1248 1774 1559 1847 sententia,

280 1860 515 1921 fremitu
538 1857 923 1940 aspernantur:
948 1858 1026 1919 fin
1052 1859 1256 1942 placuit
1279 1906 1294 1930 ,
1320 1857 1561 1935 frameas

278 1944 627 2005 concutiunt.
666 1941 1172 2003 Honoratissimum
1193 1941 1429 2003 affensfis
1459 1965 1562 2025 ge-

277 2050 382 2090 nus
410 2029 485 2086 est
511 2074 527 2099 ,
567 2027 734 2087 armis
757 2026 1002 2088 laudare.

356 2112 488 2171 XII.
527 2114 705 2170 Lxcm·
758 2113 907 2194 apud
946 2112 1255 2172 concilium
1305 2109 1557 2171 accusare

276 2218 505 2279 quoque
531 2243 546 2268 ,
594 2203 652 2255 &
692 2194 994 2257 discrimen
1026 2198 1216 2279 capitis
1243 2194 1556 2255 intendere.

279 2280 582 2341 Distinctio
598 2302 889 2361 poenarum
906 2304 970 2341 ex
989 2281 1195 2342 delicto
1215 2279 1556 2362 :proditores

278 2372 333 2423 3<
358 2362 665 2446 transfugas
688 2365 976 2425 arboribus
1001 2364 1338 2449 suspendunt
1360 2389 1371 2422 :
1404 2364 1559 2446 igna-

274 2470 374 2509 vos
397 2495 414 2520 ,
451 2456 507 2507 δε
555 2447 814 2509 imbelles
837 2498 853 2523 ‚
892 2458 949 2511 δε
987 2473 1218 2533 corpore
1264 2445 1503 2507 infames
1531 2495 1550 2520 ,

281 2555 445 2590 coeno
478 2554 538 2589 ac
578 2531 778 2613 palude
803 2581 818 2605 ‚
866 2532 1069 2612 injersta
1110 2533 1328 2616 insuper
1369 2551 1513 2590 crate
1535 2578 1553 2603 ,

280 2636 564 2700 mergunt.
587 2616 891 2682 Diverfitaf.
904 2617 1157 2704 supplicii
1170 2618 1302 2681 illuc
1315 2613 1553 2698 respicit,
