1663 2958
228 162 782 223 GERMANORUM
827 161 1075 219 No‘rAES
1185 178 1319 233 ‘197

29 250 277 327 ‘Distingue
300 276 513 324 tempora
531 298 544 319 ‚
577 266 621 306 &
642 259 819 307 summa
845 260 927 305 erit
948 256 1172 307 Caesarem
1198 258 1318 305 inter

26 344 88 386 *ac
125 325 340 374 Tacitum
382 323 635 372 consensio.
693 322 882 371 Caesaris
922 339 1049 372 aetate
1086 322 1188 371 suos
1212 361 1224 382 ‚
1270 328 1317 370 δε

35 390 231 440 barbaris
275 392 368 439 fere
405 389 619 436 omnibus
654 388 902 436 familiares
924 427 937 448 ,
974 390 1083 436 deos
1118 389 1319 437 habuere

0 460 2 500 Ι
35 456 258 506 Germani
293 455 451 503 Solem
475 492 487 513 ‚
525 454 710 502 Lunam
750 461 795 502 &
828 450 1096 503 Vulcanum
1121 493 1135 513 ,
1174 454 1220 502 id
1252 454 1318 500 est

0 544 1 559 ³
33 523 191 588 ignem
216 559 228 581 ‚
259 537 397 585 quem
422 519 509 568 sive
533 537 558 566 e
583 519 702 566 filice
725 522 940 567 elicerent
963 559 976 580 ,
1014 520 1101 567 five
1125 516 1318 568 velocis-

0 584 143 651 lfimo
171 586 365 634 duorum
388 588 624 652 lignorum
645 583 823 640 affricta
843 623 858 645 ‚
896 600 943 631 ut
968 584 1317 634 Canadenfibus

33 652 230 701 barbaris
259 651 408 699 adhuc
438 668 539 697 mos
571 652 632 698 est
654 689 666 711 ,
703 652 986 711 excitarent,
1021 650 1109 698 five
1140 649 1315 698 calidas

0 751 2 756 »
29 732 172 785 aquas
201 756 213 777 ‚
251 734 350 782 quae
381 719 430 763 in
464 719 654 783 regione
687 721 932 764 occurrunt
961 753 973 774 ‚
1016 714 1310 780 spectarent,

33 783 119 833 five
150 786 269 831 inter
300 785 500 831 tonitrua
529 782 788 830 stridentem
822 780 1060 839 audirent,
1098 780 1316 829 admirari

31 850 196 915 pariter
227 865 280 896 ac
314 849 519 896 venerari
550 865 748 913 coepere.
794 847 959 895 Postea
987 843 1236 894 Gallorum
1263 852 1312 893 δε

0 922 3 944 '
31 916 348 965 Romanorum
382 917 594 962 conta6³cu
617 952 629 974 ‚
664 913 946 962 Mercurium
967 950 979 973 ‚
1014 911 1310 970 Herculem‚‘

0 979 230 1029 'Martem
275 997 511 1045 accepere.
579 979 756 1027 Eorum
796 980 941 1027 cultus
985 993 1110 1025 aetate
1153 977 1310 1026 Taciti

27 1046 228 1113 vigebat.
267 1045 391 1095 Cum
416 1064 498 1111 per
519 1045 825 1094 Germaniam
856 1047 938 1092 iter
969 1041 1169 1091 facerem
1201 1044 1311 1108 plu-

29 1114 146 1160 rima
182 1111 391 1177 Neptuni
427 1127 729 1159 monumenta
764 1112 945 1176 reperi:
982 1111 1071 1156 alia
1108 1111 1308 1157 aliorum

31 1178 222 1225 deorum
261 1193 517 1226 occurrunt.
577 1177 759 1225 Scilicet
791 1213 804 1236 ,
842 1175 1096 1224 labentibus
1146 1177 1312 1234 annis,

25 1242 273 1307 Neptunus
299 1283 312 1306 ,
346 1259 584 1309 ceteraque
613 1242 805 1290 deorum
837 1257 1022 1290 caterva
1050 1279 1062 1301 ‚
1099 1243 1148 1287 in
1182 1239 1311 1288 Ger-

43 1311 247 1356 maniam
279 1310 460 1357 venere.

90 1372 388 1423 Mercurium.
419 1372 592 1421 Eadem
618 1371 722 1420 sane
746 1372 829 1422 fuit
853 1370 980 1436 apud
1011 1369 1276 1418 Germanos
1297 1380 1314 1428 3

15 1476 25 1484 ,
65 1457 131 1487 uae
183 1439 308 1501 apud
344 1437 544 1499 Gallos,
599 1438 820 1487 Mercurii
854 1437 998 1485 cultris
1039 1434 1186 1483 causa.
1230 1435 1312 1482 De

28 1455 176 1554 gallis
207 1504 353 1557 Julius
392 1503 558 1552 Caesar.
591 1504 707 1552 Bell.
746 1503 872 1554 Gall.
902 1502 1003 1561 VI,
1034 1519 1106 1557 17.
1152 1498 1311 1550 Deum

30 1569 226 1619 maxime*
261 1568 543 1619 Mercurium
576 1568 762 1626 colunt3
806 1569 936 1631 hujus
960 1568 1073 1632 sunt
1110 1565 1313 1625 plurima

12 1634 263 1702 fimu⁷acr.z
289 1655 304 1681 :
344 1634 461 1682 hunc
496 1633 689 1682 omnium
726 1633 1003 1682 inventorem
1035 1631 1198 1679 arrium
1221 1629 1311 1692 fe-

23 1715 174 1759 runt;
206 1701 325 1748 hunc
353 1701 529 1749 viarum
554 1713 686 1764 arque
714 1698 929 1747 itinerum
959 1696 1155 1755 ducem3
1184 1695 1311 1745 hunc

23 1766 87 1814 ad
127 1764 314 1830 quaestus
352 1763 557 1824 pecuniae
602 1763 962 1828 mercaturasque
1010 1761 1174 1810 habere
1214 1761 1309 1810 vim

23 1830 271 1880 maximam
295 1829 596 1883 arbitrantur.
633 1829 746 1877 Inde
777 1828 884 1877 cum
911 1828 1026 1876 olim
1050 1829 1099 1874 in
1125 1829 1306 1875 civitate

25 1895 229 1963 Aquensi
245 1934 257 1955 ‚
278 1913 401 1943 nunc
419 1894 577 1944 Buden
602 1932 614 1949 ‚
639 1895 972 1943 celebrarentur
995 1895 1273 1941 commercia
1289 1931 1305 1953 ‚

24 1978 162 2029 atque
185 1960 272 2009 hzic
294 1964 375 2009 iter
401 1959 504 2009 effet
525 1963 573 2008 in
593 1960 832 2010 Helvetios
848 2000 861 2022 ,
881 1962 1113 2027 praecipua
1135 1959 1196 2006 ibi
1219 1958 1304 2006 fuit

0 2035 1 2050 ¹
25 2027 241 2076 Mercurii
262 2029 496 2075 veneratio
510 2029 558 2074 in
573 2042 731 2075 monte
749 2029 946 2093 lucoque
961 2043 1110 2091 prope
1128 2022 1304 2073 Buden-

25 2092 179 2156 Quem
204 2094 359 2141 locum
385 2092 490 2140 crim
509 2091 718 2153 adissem,
738 2111 785 2142 ut
802 2095 862 2140 ibi
882 2091 1101 2139 Mercurii
1125 2108 1297 2137 monu-

23 2176 226 2208 mentum
259 2157 531 2224 inspicerem
561 2197 573 2218 ‚
623 2161 770 2223 reperi
810 2173 1008 2207 veterem
1048 2155 1255 2220 lapidem
1280 2192 1294 2214 ,

22 2241 158 2291 quem
180 2227 385 2272 votivum
411 2222 538 2271 fuiffe
555 2240 667 2289 puto
688 2261 700 2283 ,
739 2225 812 2272 cui
836 2222 956 2270 rudis
983 2225 1141 2286 imago
1165 2220 1299 2268 Mer·-

12 2291 132 2339 ‘curii
150 2289 372 2356 insculpta
391 2309 405 2352 3
432 2289 740 2357 undequaque
764 2288 999 2355 1011geque
1023 2287 1200 2348 disjecti
1221 2288 1303 2333 in-

20 2372 174 2421 gentes
198 2357 371 2420 lapides
393 2355 632 2418 jacebant:
662 2371 760 2403 aras
780 2353 906 2403 fuiffe
930 2389 942 2407 ,
969 2359 1012 2400 &
1043 2353 1221 2418 antiqui
1233 2350 1298 2399 ssi-

21 2438 103 2469 mae
128 2422 363 2485 religionis
384 2460 396 2482 ,
433 2423 539 2469 crim
580 2421 790 2470 humanae
824 2420 980 2468 hostiae
1011 2419 1250 2467 litarentur
1277 2453 1292 2476 ‚

19 2502 317 2535 monumenta
335 2525 348 2546 ‚
382 2487 586 2534 arbitror.
625 2488 742 2534 Haec
768 2485 873 2534 cum
897 2501 1157 2546 cernerem,
1184 2483 1296 2533 ani-

16 2560 143 2613 mum
169 2550 340 2602 subibat
369 2551 584 2603 Lucanus
607 2552 711 2617 ΙΙΙ,
748 2569 865 2619 392.
985 2615 1009 2665 Ι
1042 2616 1051 2624 .
1083 2615 1092 2624 δ

1042 2632 1090 2675 n)
