<?xml version="1.0" encoding="UTF-8"?>
<!DOCTYPE html PUBLIC "-//W3C//DTD XHTML 1.0 Transitional//EN"
    "http://www.w3.org/TR/xhtml1/DTD/xhtml1-transitional.dtd">
<html xmlns="http://www.w3.org/1999/xhtml" xml:lang="en" lang="en">
 <head>
  <title>
</title>
<meta http-equiv="Content-Type" content="text/html;charset=utf-8" />
  <meta name='ocr-system' content='tesseract 3.04.00' />
  <meta name='ocr-capabilities' content='ocr_page ocr_carea ocr_par ocr_line ocrx_word'/>
</head>
<body>
  <div class='ocr_page' id='page_1' title='image "./ccorneliitacitio06taci_0137.png"; bbox 0 0 1663 2958; ppageno 0'>
   <div class='ocr_carea' id='block_1_1' title="bbox 181 110 1312 183">
    <p class='ocr_par' dir='ltr' id='par_1_1' title="bbox 181 110 1312 183">
     <span class='ocr_line' id='line_1_1' title="bbox 181 110 1312 183; baseline -0.02 -2"><span class='ocrx_word' id='word_1_1' title='bbox 181 119 502 183; x_wconf 62' lang='lat' dir='ltr'>Dmmovs</span> <span class='ocrx_word' id='word_1_2' title='bbox 551 134 622 172; x_wconf 81' lang='lat' dir='ltr'>DE</span> <span class='ocrx_word' id='word_1_3' title='bbox 666 110 1095 172; x_wconf 74' lang='lat' dir='ltr'>ORATORmus.</span> <span class='ocrx_word' id='word_1_4' title='bbox 1195 122 1312 178; x_wconf 85' lang='lat'>127</span> 
     </span>
    </p>
   </div>
   <div class='ocr_carea' id='block_1_2' title="bbox 32 197 1328 2546">
    <p class='ocr_par' dir='ltr' id='par_1_2' title="bbox 32 197 1328 2546">
     <span class='ocr_line' id='line_1_2' title="bbox 39 197 1311 298; baseline -0.02 -16"><span class='ocrx_word' id='word_1_5' title='bbox 39 213 109 294; x_wconf 70' lang='lat' dir='ltr'>fic</span> <span class='ocrx_word' id='word_1_6' title='bbox 136 219 391 279; x_wconf 82' lang='lat' dir='ltr'>Graccho</span> <span class='ocrx_word' id='word_1_7' title='bbox 429 215 655 298; x_wconf 83' lang='lat' dir='ltr'>politior</span> <span class='ocrx_word' id='word_1_8' title='bbox 680 220 736 270; x_wconf 71' lang='grc' dir='ltr'>δε</span> <span class='ocrx_word' id='word_1_9' title='bbox 763 206 1010 267; x_wconf 77' lang='lat' dir='ltr'>ornatior</span> <span class='ocrx_word' id='word_1_10' title='bbox 1045 197 1266 261; x_wconf 85' lang='lat' dir='ltr'>Crassus</span> <span class='ocrx_word' id='word_1_11' title='bbox 1293 222 1311 276; x_wconf 83' lang='lat'><em>3</em></span> 
     </span>
     <span class='ocr_line' id='line_1_3' title="bbox 42 286 1314 383; baseline -0.02 -17"><span class='ocrx_word' id='word_1_12' title='bbox 42 305 111 366; x_wconf 85' lang='lat' dir='ltr'>fic</span> <span class='ocrx_word' id='word_1_13' title='bbox 147 324 384 383; x_wconf 88' lang='lat' dir='ltr'>utroque</span> <span class='ocrx_word' id='word_1_14' title='bbox 431 296 735 356; x_wconf 56' lang='lat' dir='ltr'>diffinisti&amp;</span> <span class='ocrx_word' id='word_1_15' title='bbox 761 340 776 364; x_wconf 85' lang='lat'>‚</span> <span class='ocrx_word' id='word_1_16' title='bbox 825 300 881 350; x_wconf 69' lang='grc' dir='ltr'>δε</span> <span class='ocrx_word' id='word_1_17' title='bbox 913 286 1176 348; x_wconf 81' lang='lat' dir='ltr'>urbanior</span> <span class='ocrx_word' id='word_1_18' title='bbox 1198 330 1217 355; x_wconf 84' lang='lat'>‚</span> <span class='ocrx_word' id='word_1_19' title='bbox 1255 291 1314 343; x_wconf 64' lang='grc' dir='ltr'>δέ</span> 
     </span>
     <span class='ocr_line' id='line_1_4' title="bbox 39 369 1315 458; baseline -0.02 -10"><span class='ocrx_word' id='word_1_20' title='bbox 39 387 205 448; x_wconf 83' lang='lat' dir='ltr'>altior</span> <span class='ocrx_word' id='word_1_21' title='bbox 226 388 430 444; x_wconf 90' lang='lat' dir='ltr'>Cicero</span> <span class='ocrx_word' id='word_1_22' title='bbox 448 404 465 458; x_wconf 76' lang='lat'>3</span> <span class='ocrx_word' id='word_1_23' title='bbox 487 380 768 438; x_wconf 80' lang='lat' dir='ltr'>Cicerone</span> <span class='ocrx_word' id='word_1_24' title='bbox 791 374 984 431; x_wconf 84' lang='lat' dir='ltr'>mitior</span> <span class='ocrx_word' id='word_1_25' title='bbox 1003 369 1282 430; x_wconf 86' lang='lat' dir='ltr'>Corvinus</span> <span class='ocrx_word' id='word_1_26' title='bbox 1296 414 1315 439; x_wconf 84' lang='lat'>,</span> 
     </span>
     <span class='ocr_line' id='line_1_5' title="bbox 41 453 1315 538; baseline -0.017 -8"><span class='ocrx_word' id='word_1_27' title='bbox 41 480 98 532; x_wconf 58' lang='grc' dir='ltr'>ὃς</span> <span class='ocrx_word' id='word_1_28' title='bbox 123 469 338 528; x_wconf 90' lang='lat' dir='ltr'>dulcior</span> <span class='ocrx_word' id='word_1_29' title='bbox 358 513 376 538; x_wconf 87' lang='lat'>‚</span> <span class='ocrx_word' id='word_1_30' title='bbox 416 472 471 524; x_wconf 72' lang='grc' dir='ltr'>δε</span> <span class='ocrx_word' id='word_1_31' title='bbox 494 464 554 522; x_wconf 89' lang='lat' dir='ltr'>in</span> <span class='ocrx_word' id='word_1_32' title='bbox 578 459 759 521; x_wconf 87' lang='lat' dir='ltr'>verbis</span> <span class='ocrx_word' id='word_1_33' title='bbox 783 457 960 538; x_wconf 82' lang='lat' dir='ltr'>magis</span> <span class='ocrx_word' id='word_1_34' title='bbox 985 453 1315 514; x_wconf 86' lang='lat' dir='ltr'>elaboratus.</span> 
     </span>
     <span class='ocr_line' id='line_1_6' title="bbox 43 534 1318 632; baseline -0.02 -18"><span class='ocrx_word' id='word_1_35' title='bbox 43 555 160 621; x_wconf 82' lang='lat' dir='ltr'>Nec</span> <span class='ocrx_word' id='word_1_36' title='bbox 199 572 422 632; x_wconf 63' lang='lat' dir='ltr'>quaem,</span> <span class='ocrx_word' id='word_1_37' title='bbox 458 547 580 628; x_wconf 84' lang='lat' dir='ltr'>quis</span> <span class='ocrx_word' id='word_1_38' title='bbox 619 540 1033 602; x_wconf 80' lang='lat' dir='ltr'>disertiffimus:</span> <span class='ocrx_word' id='word_1_39' title='bbox 1078 537 1184 594; x_wconf 88' lang='lat' dir='ltr'>hoc</span> <span class='ocrx_word' id='word_1_40' title='bbox 1227 534 1318 590; x_wconf 90' lang='lat' dir='ltr'>in-</span> 
     </span>
     <span class='ocr_line' id='line_1_7' title="bbox 43 616 1317 716; baseline -0.016 -22"><span class='ocrx_word' id='word_1_41' title='bbox 43 637 206 700; x_wconf 82' lang='lat' dir='ltr'>terim</span> <span class='ocrx_word' id='word_1_42' title='bbox 239 628 488 716; x_wconf 85' lang='lat' dir='ltr'>probaffe</span> <span class='ocrx_word' id='word_1_43' title='bbox 528 646 824 687; x_wconf 89' lang='lat' dir='ltr'>contentus</span> <span class='ocrx_word' id='word_1_44' title='bbox 860 622 980 681; x_wconf 87' lang='lat' dir='ltr'>sum</span> <span class='ocrx_word' id='word_1_45' title='bbox 1009 666 1024 691; x_wconf 83' lang='lat'>‚</span> <span class='ocrx_word' id='word_1_46' title='bbox 1062 642 1176 677; x_wconf 89' lang='lat' dir='ltr'>non</span> <span class='ocrx_word' id='word_1_47' title='bbox 1209 616 1317 676; x_wconf 86' lang='lat' dir='ltr'>esse</span> 
     </span>
     <span class='ocr_line' id='line_1_8' title="bbox 42 698 1318 797; baseline -0.019 -15"><span class='ocrx_word' id='word_1_48' title='bbox 42 741 215 782; x_wconf 88' lang='lat' dir='ltr'>unum</span> <span class='ocrx_word' id='word_1_49' title='bbox 260 713 594 797; x_wconf 84' lang='lat' dir='ltr'>eloquentiae</span> <span class='ocrx_word' id='word_1_50' title='bbox 640 708 860 769; x_wconf 80' lang='lat' dir='ltr'>vultum</span> <span class='ocrx_word' id='word_1_51' title='bbox 892 751 909 776; x_wconf 85' lang='grc'>,</span> <span class='ocrx_word' id='word_1_52' title='bbox 961 702 1058 761; x_wconf 85' lang='lat' dir='ltr'>sed</span> <span class='ocrx_word' id='word_1_53' title='bbox 1103 703 1163 758; x_wconf 86' lang='lat' dir='ltr'>in</span> <span class='ocrx_word' id='word_1_54' title='bbox 1205 698 1318 758; x_wconf 89' lang='lat' dir='ltr'>illis</span> 
     </span>
     <span class='ocr_line' id='line_1_9' title="bbox 43 782 1317 883; baseline -0.015 -21"><span class='ocrx_word' id='word_1_55' title='bbox 43 824 266 883; x_wconf 90' lang='lat' dir='ltr'>quoque</span> <span class='ocrx_word' id='word_1_56' title='bbox 294 847 311 872; x_wconf 87' lang='lat'>‚</span> <span class='ocrx_word' id='word_1_57' title='bbox 356 820 494 879; x_wconf 90' lang='lat' dir='ltr'>quos</span> <span class='ocrx_word' id='word_1_58' title='bbox 541 793 748 855; x_wconf 86' lang='lat' dir='ltr'>vocatis</span> <span class='ocrx_word' id='word_1_59' title='bbox 796 789 1055 868; x_wconf 84' lang='lat' dir='ltr'>antiquos</span> <span class='ocrx_word' id='word_1_60' title='bbox 1079 831 1095 856; x_wconf 86' lang='lat'>,</span> <span class='ocrx_word' id='word_1_61' title='bbox 1134 782 1317 863; x_wconf 87' lang='lat' dir='ltr'>plures</span> 
     </span>
     <span class='ocr_line' id='line_1_10' title="bbox 42 866 1320 967; baseline -0.017 -21"><span class='ocrx_word' id='word_1_62' title='bbox 42 885 245 967; x_wconf 82' lang='lat' dir='ltr'>species</span> <span class='ocrx_word' id='word_1_63' title='bbox 287 877 679 964; x_wconf 79' lang='lat' dir='ltr'>deprehendi3</span> <span class='ocrx_word' id='word_1_64' title='bbox 720 897 822 934; x_wconf 90' lang='lat' dir='ltr'>nec</span> <span class='ocrx_word' id='word_1_65' title='bbox 856 871 1038 930; x_wconf 84' lang='lat' dir='ltr'>statim</span> <span class='ocrx_word' id='word_1_66' title='bbox 1073 866 1320 926; x_wconf 88' lang='lat' dir='ltr'>deterius</span> 
     </span>
     <span class='ocr_line' id='line_1_11' title="bbox 42 953 1317 1046; baseline -0.021 -14"><span class='ocrx_word' id='word_1_67' title='bbox 42 966 148 1032; x_wconf 81' lang='lat' dir='ltr'>effe</span> <span class='ocrx_word' id='word_1_68' title='bbox 180 1016 196 1040; x_wconf 87' lang='lat'>‚</span> <span class='ocrx_word' id='word_1_69' title='bbox 247 965 403 1046; x_wconf 85' lang='lat' dir='ltr'>quod</span> <span class='ocrx_word' id='word_1_70' title='bbox 444 960 726 1022; x_wconf 84' lang='lat' dir='ltr'>diversum</span> <span class='ocrx_word' id='word_1_71' title='bbox 777 957 852 1016; x_wconf 87' lang='lat' dir='ltr'>est</span> <span class='ocrx_word' id='word_1_72' title='bbox 881 980 894 1013; x_wconf 89' lang='lat'>:</span> <span class='ocrx_word' id='word_1_73' title='bbox 939 953 1078 1013; x_wconf 80' lang='lat' dir='ltr'>vitio</span> <span class='ocrx_word' id='word_1_74' title='bbox 1123 970 1317 1008; x_wconf 85' lang='lat' dir='ltr'>autem</span> 
     </span>
     <span class='ocr_line' id='line_1_12' title="bbox 41 1033 1314 1132; baseline -0.019 -19"><span class='ocrx_word' id='word_1_75' title='bbox 41 1050 405 1132; x_wconf 76' lang='lat' dir='ltr'>malignitatis</span> <span class='ocrx_word' id='word_1_76' title='bbox 456 1049 711 1106; x_wconf 64' lang='lat' dir='ltr'>humanae</span> <span class='ocrx_word' id='word_1_77' title='bbox 751 1061 940 1099; x_wconf 82' lang='lat' dir='ltr'>vetera</span> <span class='ocrx_word' id='word_1_78' title='bbox 987 1035 1206 1116; x_wconf 84' lang='lat' dir='ltr'>semper</span> <span class='ocrx_word' id='word_1_79' title='bbox 1252 1033 1314 1090; x_wconf 86' lang='lat' dir='ltr'>in</span> 
     </span>
     <span class='ocr_line' id='line_1_13' title="bbox 41 1117 1313 1216; baseline -0.017 -22"><span class='ocrx_word' id='word_1_80' title='bbox 41 1136 205 1194; x_wconf 78' lang='lat' dir='ltr'>laude</span> <span class='ocrx_word' id='word_1_81' title='bbox 233 1181 247 1205; x_wconf 79' lang='grc'>,</span> <span class='ocrx_word' id='word_1_82' title='bbox 295 1129 576 1216; x_wconf 69' lang='lat' dir='ltr'>praesentia</span> <span class='ocrx_word' id='word_1_83' title='bbox 613 1129 671 1184; x_wconf 86' lang='lat' dir='ltr'>in</span> <span class='ocrx_word' id='word_1_84' title='bbox 709 1122 927 1182; x_wconf 88' lang='lat' dir='ltr'>fastidio</span> <span class='ocrx_word' id='word_1_85' title='bbox 963 1117 1088 1179; x_wconf 76' lang='lat' dir='ltr'>effe.</span> <span class='ocrx_word' id='word_1_86' title='bbox 1155 1118 1313 1174; x_wconf 88' lang='lat' dir='ltr'>Num</span> 
     </span>
     <span class='ocr_line' id='line_1_14' title="bbox 43 1201 1314 1286; baseline -0.014 -9"><span class='ocrx_word' id='word_1_87' title='bbox 43 1219 363 1277; x_wconf 81' lang='lat' dir='ltr'>dubitamus</span> <span class='ocrx_word' id='word_1_88' title='bbox 416 1215 671 1272; x_wconf 83' lang='lat' dir='ltr'>inventos</span> <span class='ocrx_word' id='word_1_89' title='bbox 703 1255 719 1280; x_wconf 84' lang='lat'>‚</span> <span class='ocrx_word' id='word_1_90' title='bbox 775 1206 873 1286; x_wconf 87' lang='lat' dir='ltr'>qui</span> <span class='ocrx_word' id='word_1_91' title='bbox 929 1226 1028 1285; x_wconf 81' lang='lat' dir='ltr'>pro</span> <span class='ocrx_word' id='word_1_92' title='bbox 1089 1201 1314 1259; x_wconf 84' lang='lat' dir='ltr'>Catone</span> 
     </span>
     <span class='ocr_line' id='line_1_15' title="bbox 36 1283 1313 1382; baseline -0.016 -22"><span class='ocrx_word' id='word_1_93' title='bbox 36 1301 287 1382; x_wconf 86' lang='lat' dir='ltr'>Appium</span> <span class='ocrx_word' id='word_1_94' title='bbox 311 1302 542 1356; x_wconf 83' lang='lat' dir='ltr'>Caecum</span> <span class='ocrx_word' id='word_1_95' title='bbox 565 1292 742 1373; x_wconf 79' lang='lat' dir='ltr'>magis</span> <span class='ocrx_word' id='word_1_96' title='bbox 769 1286 1137 1347; x_wconf 85' lang='lat' dir='ltr'>mirarentur?</span> <span class='ocrx_word' id='word_1_97' title='bbox 1173 1283 1313 1340; x_wconf 82' lang='lat' dir='ltr'>Satis</span> 
     </span>
     <span class='ocr_line' id='line_1_16' title="bbox 41 1369 1317 1455; baseline -0.015 -12"><span class='ocrx_word' id='word_1_98' title='bbox 41 1384 247 1444; x_wconf 80' lang='lat' dir='ltr'>constat</span> <span class='ocrx_word' id='word_1_99' title='bbox 268 1404 338 1440; x_wconf 88' lang='lat' dir='ltr'>ne</span> <span class='ocrx_word' id='word_1_100' title='bbox 363 1377 631 1438; x_wconf 88' lang='lat' dir='ltr'>Ciceroni</span> <span class='ocrx_word' id='word_1_101' title='bbox 657 1371 890 1455; x_wconf 84' lang='lat' dir='ltr'>quidem</span> <span class='ocrx_word' id='word_1_102' title='bbox 916 1369 1317 1427; x_wconf 59' lang='lat' dir='ltr'>obtrectatores</span> 
     </span>
     <span class='ocr_line' id='line_1_17' title="bbox 42 1459 1314 1545; baseline -0.015 -18"><span class='ocrx_word' id='word_1_103' title='bbox 42 1464 272 1527; x_wconf 82' lang='lat' dir='ltr'>defuiffe</span> <span class='ocrx_word' id='word_1_104' title='bbox 291 1512 306 1536; x_wconf 83' lang='lat'>‚</span> <span class='ocrx_word' id='word_1_105' title='bbox 335 1462 536 1545; x_wconf 81' lang='lat' dir='ltr'>quibus</span> <span class='ocrx_word' id='word_1_106' title='bbox 561 1459 809 1528; x_wconf 76' lang='lat' dir='ltr'>inflatuS‚</span> <span class='ocrx_word' id='word_1_107' title='bbox 839 1463 895 1514; x_wconf 60' lang='grc' dir='ltr'>ὃς</span> <span class='ocrx_word' id='word_1_108' title='bbox 920 1472 1142 1511; x_wconf 86' lang='lat' dir='ltr'>tumens</span> <span class='ocrx_word' id='word_1_109' title='bbox 1161 1497 1177 1521; x_wconf 82' lang='lat'>‚</span> <span class='ocrx_word' id='word_1_110' title='bbox 1207 1470 1314 1508; x_wconf 86' lang='lat' dir='ltr'>nec</span> 
     </span>
     <span class='ocr_line' id='line_1_18' title="bbox 39 1531 1314 1630; baseline -0.02 -17"><span class='ocrx_word' id='word_1_111' title='bbox 39 1550 163 1614; x_wconf 75' lang='lat' dir='ltr'>satis</span> <span class='ocrx_word' id='word_1_112' title='bbox 187 1546 388 1630; x_wconf 79' lang='lat' dir='ltr'>preffus</span> <span class='ocrx_word' id='word_1_113' title='bbox 406 1595 421 1618; x_wconf 87' lang='lat'>‚</span> <span class='ocrx_word' id='word_1_114' title='bbox 447 1544 544 1604; x_wconf 78' lang='lat' dir='ltr'>sed</span> <span class='ocrx_word' id='word_1_115' title='bbox 566 1542 724 1623; x_wconf 79' lang='lat' dir='ltr'>supra</span> <span class='ocrx_word' id='word_1_116' title='bbox 744 1537 982 1597; x_wconf 85' lang='lat' dir='ltr'>modum</span> <span class='ocrx_word' id='word_1_117' title='bbox 1008 1531 1314 1604; x_wconf 79' lang='lat' dir='ltr'>exsultans,</span> 
     </span>
     <span class='ocr_line' id='line_1_19' title="bbox 40 1615 1313 1715; baseline -0.017 -20"><span class='ocrx_word' id='word_1_118' title='bbox 40 1645 96 1698; x_wconf 69' lang='grc' dir='ltr'>δε</span> <span class='ocrx_word' id='word_1_119' title='bbox 124 1631 458 1715; x_wconf 81' lang='lat' dir='ltr'>superfluens</span> <span class='ocrx_word' id='word_1_120' title='bbox 481 1675 496 1700; x_wconf 84' lang='lat'>‚</span> <span class='ocrx_word' id='word_1_121' title='bbox 540 1635 596 1687; x_wconf 72' lang='grc' dir='ltr'>δε</span> <span class='ocrx_word' id='word_1_122' title='bbox 621 1645 818 1706; x_wconf 77' lang='lat' dir='ltr'>parum</span> <span class='ocrx_word' id='word_1_123' title='bbox 839 1620 1058 1679; x_wconf 82' lang='lat' dir='ltr'>Atticus</span> <span class='ocrx_word' id='word_1_124' title='bbox 1086 1615 1313 1675; x_wconf 83' lang='lat' dir='ltr'>videre-</span> 
     </span>
     <span class='ocr_line' id='line_1_20' title="bbox 42 1696 1315 1796; baseline -0.017 -16"><span class='ocrx_word' id='word_1_125' title='bbox 42 1740 147 1780; x_wconf 88' lang='lat' dir='ltr'>tur.</span> <span class='ocrx_word' id='word_1_126' title='bbox 197 1714 427 1796; x_wconf 86' lang='lat' dir='ltr'>Legistis</span> <span class='ocrx_word' id='word_1_127' title='bbox 460 1711 655 1790; x_wconf 87' lang='lat' dir='ltr'>utique</span> <span class='ocrx_word' id='word_1_128' title='bbox 688 1715 746 1766; x_wconf 81' lang='lat'>&amp;</span> <span class='ocrx_word' id='word_1_129' title='bbox 770 1703 937 1763; x_wconf 81' lang='lat' dir='ltr'>Calvi</span> <span class='ocrx_word' id='word_1_130' title='bbox 967 1710 1022 1761; x_wconf 86' lang='lat'>&amp;</span> <span class='ocrx_word' id='word_1_131' title='bbox 1045 1699 1203 1759; x_wconf 88' lang='lat' dir='ltr'>Bruti</span> <span class='ocrx_word' id='word_1_132' title='bbox 1240 1696 1315 1758; x_wconf 85' lang='lat' dir='ltr'>ad.</span> 
     </span>
     <span class='ocr_line' id='line_1_21' title="bbox 40 1781 1315 1872; baseline -0.016 -10"><span class='ocrx_word' id='word_1_133' title='bbox 40 1803 382 1862; x_wconf 86' lang='lat' dir='ltr'>Ciceronem</span> <span class='ocrx_word' id='word_1_134' title='bbox 430 1791 615 1852; x_wconf 83' lang='lat' dir='ltr'>miffas</span> <span class='ocrx_word' id='word_1_135' title='bbox 660 1787 910 1872; x_wconf 87' lang='lat' dir='ltr'>epistolas</span> <span class='ocrx_word' id='word_1_136' title='bbox 942 1810 955 1842; x_wconf 73' lang='grc' dir='ltr'><strong><em>ι</em></strong></span> <span class='ocrx_word' id='word_1_137' title='bbox 1003 1806 1069 1843; x_wconf 85' lang='lat' dir='ltr'>ex</span> <span class='ocrx_word' id='word_1_138' title='bbox 1109 1781 1315 1863; x_wconf 87' lang='lat' dir='ltr'>quibus</span> 
     </span>
     <span class='ocr_line' id='line_1_22' title="bbox 38 1865 1317 1962; baseline -0.017 -16"><span class='ocrx_word' id='word_1_139' title='bbox 38 1884 200 1946; x_wconf 84' lang='lat' dir='ltr'>facile</span> <span class='ocrx_word' id='word_1_140' title='bbox 224 1884 300 1942; x_wconf 87' lang='lat' dir='ltr'>est</span> <span class='ocrx_word' id='word_1_141' title='bbox 323 1874 776 1962; x_wconf 77' lang='lat' dir='ltr'>deprehendere,</span> <span class='ocrx_word' id='word_1_142' title='bbox 802 1869 1051 1930; x_wconf 85' lang='lat' dir='ltr'>Calvum</span> <span class='ocrx_word' id='word_1_143' title='bbox 1076 1865 1317 1946; x_wconf 89' lang='lat' dir='ltr'>quidem</span> 
     </span>
     <span class='ocr_line' id='line_1_23' title="bbox 40 1950 1315 2039; baseline -0.019 -11"><span class='ocrx_word' id='word_1_144' title='bbox 40 1965 305 2028; x_wconf 88' lang='lat' dir='ltr'>Ciceroni</span> <span class='ocrx_word' id='word_1_145' title='bbox 338 1962 516 2025; x_wconf 88' lang='lat' dir='ltr'>visum</span> <span class='ocrx_word' id='word_1_146' title='bbox 553 1957 887 2039; x_wconf 79' lang='lat' dir='ltr'>exsanguem</span> <span class='ocrx_word' id='word_1_147' title='bbox 920 1962 978 2012; x_wconf 84' lang='lat'>&amp;</span> <span class='ocrx_word' id='word_1_148' title='bbox 1009 1950 1265 2010; x_wconf 86' lang='lat' dir='ltr'>attritum</span> <span class='ocrx_word' id='word_1_149' title='bbox 1295 1995 1315 2022; x_wconf 83' lang='lat'>‚</span> 
     </span>
     <span class='ocr_line' id='line_1_24' title="bbox 42 2035 1320 2118; baseline -0.018 -6"><span class='ocrx_word' id='word_1_150' title='bbox 42 2054 278 2113; x_wconf 84' lang='lat' dir='ltr'>Brutum</span> <span class='ocrx_word' id='word_1_151' title='bbox 299 2069 487 2107; x_wconf 88' lang='lat' dir='ltr'>autem</span> <span class='ocrx_word' id='word_1_152' title='bbox 506 2041 750 2104; x_wconf 88' lang='lat' dir='ltr'>otiosum</span> <span class='ocrx_word' id='word_1_153' title='bbox 770 2060 936 2118; x_wconf 82' lang='lat' dir='ltr'>atque</span> <span class='ocrx_word' id='word_1_154' title='bbox 957 2035 1320 2116; x_wconf 67' lang='lat' dir='ltr'>disjunctum.</span> 
     </span>
     <span class='ocr_line' id='line_1_25' title="bbox 43 2116 1322 2213; baseline -0.02 -16"><span class='ocrx_word' id='word_1_155' title='bbox 43 2135 398 2213; x_wconf 85' lang='lat' dir='ltr'>Rursumque</span> <span class='ocrx_word' id='word_1_156' title='bbox 427 2130 776 2188; x_wconf 85' lang='lat' dir='ltr'>Ciceronem</span> <span class='ocrx_word' id='word_1_157' title='bbox 805 2147 836 2180; x_wconf 90' lang='lat' dir='ltr'>a</span> <span class='ocrx_word' id='word_1_158' title='bbox 865 2119 1047 2179; x_wconf 85' lang='lat' dir='ltr'>Calvo</span> <span class='ocrx_word' id='word_1_159' title='bbox 1082 2116 1322 2197; x_wconf 85' lang='lat' dir='ltr'>quidem</span> 
     </span>
     <span class='ocr_line' id='line_1_26' title="bbox 42 2200 1322 2287; baseline -0.02 -7"><span class='ocrx_word' id='word_1_160' title='bbox 42 2218 191 2280; x_wconf 77' lang='lat' dir='ltr'>male</span> <span class='ocrx_word' id='word_1_161' title='bbox 246 2211 510 2276; x_wconf 81' lang='lat' dir='ltr'>audivisse</span> <span class='ocrx_word' id='word_1_162' title='bbox 543 2260 561 2284; x_wconf 80' lang='grc'>,</span> <span class='ocrx_word' id='word_1_163' title='bbox 619 2227 914 2287; x_wconf 84' lang='lat' dir='ltr'>tamquam</span> <span class='ocrx_word' id='word_1_164' title='bbox 964 2200 1208 2260; x_wconf 89' lang='lat' dir='ltr'>solutum</span> <span class='ocrx_word' id='word_1_165' title='bbox 1262 2207 1322 2257; x_wconf 69' lang='grc' dir='ltr'>δε</span> 
     </span>
     <span class='ocr_line' id='line_1_27' title="bbox 48 2281 1325 2368; baseline -0.018 -5"><span class='ocrx_word' id='word_1_166' title='bbox 48 2324 312 2363; x_wconf 86' lang='lat' dir='ltr'>enervem</span> <span class='ocrx_word' id='word_1_167' title='bbox 334 2324 347 2358; x_wconf 73' lang='grc' dir='ltr'>ι</span> <span class='ocrx_word' id='word_1_168' title='bbox 375 2323 405 2357; x_wconf 87' lang='lat' dir='ltr'>a</span> <span class='ocrx_word' id='word_1_169' title='bbox 426 2300 598 2356; x_wconf 87' lang='lat' dir='ltr'>Bruto</span> <span class='ocrx_word' id='word_1_170' title='bbox 620 2313 811 2352; x_wconf 87' lang='lat' dir='ltr'>autem</span> <span class='ocrx_word' id='word_1_171' title='bbox 831 2337 851 2361; x_wconf 80' lang='lat'>,</span> <span class='ocrx_word' id='word_1_172' title='bbox 871 2307 932 2345; x_wconf 92' lang='lat' dir='ltr'>ut</span> <span class='ocrx_word' id='word_1_173' title='bbox 954 2284 1114 2368; x_wconf 82' lang='lat' dir='ltr'>ipsius</span> <span class='ocrx_word' id='word_1_174' title='bbox 1140 2281 1325 2342; x_wconf 84' lang='lat' dir='ltr'>verbis</span> 
     </span>
     <span class='ocr_line' id='line_1_28' title="bbox 45 2366 1324 2463; baseline -0.018 -16"><span class='ocrx_word' id='word_1_175' title='bbox 45 2406 170 2446; x_wconf 86' lang='lat' dir='ltr'>utar</span> <span class='ocrx_word' id='word_1_176' title='bbox 191 2432 207 2457; x_wconf 86' lang='lat'>,</span> <span class='ocrx_word' id='word_1_177' title='bbox 236 2404 529 2463; x_wconf 86' lang='lat' dir='ltr'>tamquam</span> <span class='ocrx_word' id='word_1_178' title='bbox 557 2376 797 2437; x_wconf 62' lang='lat' dir='ltr'>fractum</span> <span class='ocrx_word' id='word_1_179' title='bbox 818 2393 985 2451; x_wconf 87' lang='lat' dir='ltr'>atque</span> <span class='ocrx_word' id='word_1_180' title='bbox 1014 2366 1324 2427; x_wconf 85' lang='lat' dir='ltr'>elumbem.</span> 
     </span>
     <span class='ocr_line' id='line_1_29' title="bbox 32 2450 1328 2546; baseline -0.019 -16"><span class='ocrx_word' id='word_1_181' title='bbox 32 2471 107 2537; x_wconf 14' lang='lat' dir='ltr'>*Si</span> <span class='ocrx_word' id='word_1_182' title='bbox 135 2492 227 2528; x_wconf 90' lang='lat' dir='ltr'>me</span> <span class='ocrx_word' id='word_1_183' title='bbox 255 2469 564 2546; x_wconf 82' lang='lat' dir='ltr'>interroges</span> <span class='ocrx_word' id='word_1_184' title='bbox 590 2509 605 2533; x_wconf 83' lang='lat'>‚</span> <span class='ocrx_word' id='word_1_185' title='bbox 645 2480 844 2518; x_wconf 89' lang='lat' dir='ltr'>omnes</span> <span class='ocrx_word' id='word_1_186' title='bbox 883 2452 1025 2512; x_wconf 85' lang='lat' dir='ltr'>mihi</span> <span class='ocrx_word' id='word_1_187' title='bbox 1064 2450 1328 2510; x_wconf 86' lang='lat' dir='ltr'>videntur</span> 
     </span>
    </p>
   </div>
   <div class='ocr_carea' id='block_1_3' title="bbox 37 2534 1326 2680">
    <p class='ocr_par' dir='ltr' id='par_1_3' title="bbox 37 2534 1326 2680">
     <span class='ocr_line' id='line_1_30' title="bbox 37 2534 1326 2616; baseline -0.019 -1"><span class='ocrx_word' id='word_1_188' title='bbox 37 2576 247 2615; x_wconf 82' lang='lat' dir='ltr'>—verum</span> <span class='ocrx_word' id='word_1_189' title='bbox 288 2546 497 2610; x_wconf 75' lang='lat' dir='ltr'>dixiffe.</span> <span class='ocrx_word' id='word_1_190' title='bbox 546 2544 657 2606; x_wconf 86' lang='lat' dir='ltr'>Sed</span> <span class='ocrx_word' id='word_1_191' title='bbox 688 2564 821 2603; x_wconf 78' lang='lat' dir='ltr'>mox</span> <span class='ocrx_word' id='word_1_192' title='bbox 850 2537 922 2599; x_wconf 84' lang='lat' dir='ltr'>ad</span> <span class='ocrx_word' id='word_1_193' title='bbox 950 2534 1193 2616; x_wconf 75' lang='lat' dir='ltr'>smgulos-</span> <span class='ocrx_word' id='word_1_194' title='bbox 1228 2554 1326 2594; x_wconf 87' lang='lat' dir='ltr'>ve·-</span> 
     </span>
     <span class='ocr_line' id='line_1_31' title="bbox 962 2621 1098 2680; baseline -0.007 0"><span class='ocrx_word' id='word_1_195' title='bbox 962 2622 997 2680; x_wconf 77' lang='lat' dir='ltr'>F</span> <span class='ocrx_word' id='word_1_196' title='bbox 1043 2621 1098 2680; x_wconf 83' lang='lat' dir='ltr'>iv</span> 
     </span>
    </p>
   </div>
  </div>
 </body>
</html>
