1700 2984
424 109 484 177 (ξ
530 138 559 177 E
605 139 648 178 R
692 141 741 178 M
789 136 830 178 Α
880 142 920 180 N
967 144 987 182 1
1030 142 1090 187 Α.
1321 149 1397 207 27

36 274 40 277 ,
117 210 394 297 &ingenuos
450 226 507 276 &
561 217 718 298 super
774 222 992 283 nobiles
1045 222 1394 289 ascendunt:

111 298 270 378 apud
299 321 509 358 ceteros
530 347 545 371 ‚
584 301 823 382 impares
850 304 1098 365 libertini
1121 308 1391 373 libertatis

109 401 515 461 argumentum
546 379 687 441 sunt.

211 464 432 522 XXVI.
476 466 512 521 F
529 487 555 520 E
576 487 613 523 N
630 487 666 522 U
689 488 709 522 s
752 467 959 548 agitare
983 517 1000 543 ‚
1044 480 1101 531 δε
1125 473 1184 531 in
1211 473 1396 536 usuras
1480 476 1484 482 ”

119 544 419 605 extendere
443 592 458 617 ,
493 547 754 628 ignotum
778 575 789 606 :
819 552 1064 634 ideoque
1088 559 1264 639 magis
1286 557 1395 618 ser-

118 648 278 687 vatur
296 675 313 700 ‚
351 629 521 709 quam
550 629 588 688 fi
615 633 855 691 vetitum
882 634 1031 695 esset.
1074 638 1252 721 Agri,
1290 666 1394 724 pro

114 733 357 770 numero
383 711 660 772 cultorum
677 763 693 788 ,
737 716 805 774 ab
830 720 1091 779 universis
1114 746 1208 803 per
1242 727 1393 785 vices

108 816 451 876 occupantur
467 843 483 868 ,
511 819 649 877 quos
677 823 810 858 mox
831 801 976 861 inter
999 802 1053 862 se
1075 803 1388 867 secundum

117 876 505 958 dignationem
531 881 877 962 partiuntur:
912 884 1243 948 facilitatem
1269 913 1392 970 par-

30 986 54 1014 ·
115 960 294 1032 ζίειῖάἰ
333 984 661 1045 camporum
697 965 869 1049 spatia
909 972 1172 1050 praestant.
1238 975 1394 1035 Arva

112 1064 213 1126 per
245 1068 420 1104 annos
449 1046 669 1108 mutant
694 1073 709 1128 3
746 1059 802 1110 δε
826 1051 1062 1134 superest
1089 1077 1218 1138 ager
1241 1083 1253 1115 :
1281 1082 1391 1119 nec

113 1127 271 1186 enim
315 1152 445 1187 cum
487 1131 739 1192 ubertate
777 1142 835 1194 δε
873 1136 1247 1218 amplitudine
1283 1141 1390 1202 soli

114 1204 310 1269 labore?
328 1214 708 1287 contendunt,
728 1237 788 1275 ut
802 1221 1054 1299 pomaria
1076 1221 1335 1283 conseran
1345 1248 1393 1298 t,·

110 1300 171 1353 &
195 1315 349 1373 prata
373 1293 625 1376 separent
644 1344 663 1372 ,
702 1307 759 1359 &
790 1302 982 1361 hortos
1011 1304 1227 1386 rigent:
1268 1307 1385 1369 sola

111 1397 264 1436 terrae
286 1376 437 1458 seges
458 1379 781 1463 imperatur.
816 1385 989 1445 Unde
1014 1411 1225 1448 annum
1250 1415 1389 1472 quo-

42 1509 48 1516 ,
107 1481 219 1540 que
252 1459 433 1543 ipsum
469 1488 585 1523 non
610 1466 670 1524 in
695 1467 937 1527 totidem
966 1470 1230 1553 digerunt
1261 1475 1387 1557 spe-

105 1543 216 1603 cies
241 1567 253 1601 :
287 1544 467 1605 hiems
490 1595 508 1620 ,
542 1553 600 1608 &
618 1572 749 1622 ver,
784 1560 842 1612 &
862 1554 1004 1613 aestas
1028 1555 1384 1620 intelleftum

104 1650 171 1686 ac
218 1628 490 1688 vocabula
535 1632 745 1691 habent
774 1660 786 1691 ε
834 1640 1092 1698 autumni
1146 1643 1383 1723 perinde

103 1732 320 1771 nomen
348 1735 409 1770 ac
435 1714 584 1772 bona
608 1716 953 1797 ignorantur.

187 1795 441 1856 XXVII.
499 1800 854 1859 FUNERUM
900 1802 1054 1863 nulla
1104 1807 1378 1872 ambitio:

105 1873 166 1935 id
186 1875 367 1936 solum
392 1879 742 1956 observatur,
767 1905 827 1944 ut
849 1909 1080 1969 corpora
1101 1890 1380 1955 clarorum

104 1960 352 2019 virorum
383 1965 544 2022 certis
572 1964 737 2048 lignis
767 1991 1101 2032 crementur.
1152 1977 1376 2038 Struem

54 2060 60 2061 ⁷
108 2044 231 2124 rogi
269 2066 371 2103 nec
409 2048 644 2127 vestibus
670 2099 687 2123 ‚
727 2074 829 2111 nec
869 2053 1135 2116 odoribus
1176 2082 1377 2122 cumu-

105 2125 223 2184 lant
248 2150 259 2184 :
299 2126 391 2187 sua
412 2132 611 2211 cuique
637 2157 821 2208 arma,
851 2142 1230 2218 quorumdam
1256 2145 1376 2228 igni

107 2217 163 2269 &
180 2232 352 2290 equus
367 2213 639 2293 adjicitur.
655 2218 979 2300 Sepulcrum
997 2223 1177 2305 cespes
1194 2230 1375 2309 erigit.

105 2293 620 2357 Monumentorum
676 2301 912 2362 arduum
966 2314 1022 2365 δε
1076 2311 1373 2391 operosum

106 2375 383 2438 honorem
410 2428 425 2453 ,
468 2403 528 2440 ut
561 2406 789 2464 gravem
833 2385 1144 2464 defunctiS,
1190 2394 1372 2477 asper-

107 2480 328 2520 nantnr.
375 2467 648 2525 Lamenta
672 2493 731 2527 ac
759 2469 1012 2532 lacrimas
1036 2475 1178 2548 cito,
1212 2480 1371 2559 dolo-

105 2562 229 2602 rem
260 2552 317 2604 &
361 2547 654 2615 tristitiam·
679 2554 831 2614 tarde
853 2577 1088 2638 ponunt.
1128 2563 1371 2626 Feminis

985 2644 1057 2701 -Β
1099 2643 1141 2725 ij
