1663 2958
290 217 401 284 {72
497 200 570 259 C.
619 196 1055 255 CORNELH
1100 185 1400 244 TAcxrr

286 305 530 393 *gaudeat
557 323 570 357 :
612 293 710 355 sed
745 293 821 352 est
850 309 1057 372 magna
1085 281 1182 341 illa
1211 288 1269 341 δε
1303 273 1569 337 notabilis

289 383 616 469 eloquentia
634 428 650 453 ‚
678 376 906 436 alumna
929 367 1196 437 licentiae,
1226 385 1400 444 quam
1421 358 1572 423 stulti

286 474 614 534 libertatern
634 460 913 524 vocabant
932 503 950 529 ,
974 471 1164 513 comes
1190 446 1533 507 seditionum
1553 487 1573 514 ‚
1635 473 1654 498 ·.

289 552 549 618 effrenati
582 543 777 633 populi
812 540 1246 600 incitamentum
1273 577 1290 602 ,
1329 527 1443 588 sine
1468 525 1578 585 ob-
1650 532 1663 589 -ζ

287 639 484 722 sequio
506 685 523 709 ‚
545 633 660 701 sine
693 627 953 688 servitute
971 671 989 696 ,
1013 635 1316 679 contumax
1335 659 1352 685 ‚
1387 631 1577 671 teme-

289 725 433 785 raria
459 769 476 794 ,
518 735 780 799 arrogans
805 760 821 784 ‚
861 731 981 790 quae
1003 706 1062 763 in
1087 702 1234 761 bene
1270 694 1578 756 constitutis

1627 0 1663 119 ll

1630 124 1634 149 ἲ
1654 132 1661 146 ι

1632 262 1663 295 ἰι

1632 302 1663 342 ἷΙ

1633 361 1663 423 li:

1637 594 1663 694 {⁴1

290 803 611 868 civitatibus
644 822 760 857 non
789 794 985 854 oritur.
1042 789 1237 862 Quem
1267 780 1423 841 enim
1459 799 1580 836 ora-

292 913 478 953 torem
493 877 996 947 Lacedaemonium
1014 920 1031 945 ,
1052 892 1225 952 quem
1244 858 1580 925 Cretensem
1645 895 1647 905 ι

294 972 648 1057 accepimus?
672 984 911 1046 quarum
935 959 1227 1018 civ1tatum
1251 945 1584 1019 severiffima

292 1056 623 1140 disciplina,
654 1058 710 1109 &
736 1042 1078 1106 severiffimae
1099 1036 1250 1118 leges
1272 1030 1584 1091 traduntur.
1646 1036 1663 1103 'JT

298 1144 387 1204 Ne
420 1135 814 1201 Macedonum
846 1125 1087 1210 quidem
1108 1169 1125 1195 ,
1161 1141 1222 1178 ac
1257 1112 1543 1176 Persarum
1565 1159 1584 1185 ,
1648 1145 1650 1157 2

301 1247 396 1287 aut
444 1221 610 1283 ullius
664 1213 845 1300 gentis
885 1259 902 1285 ‚
963 1229 1084 1290 quae
1134 1221 1288 1263 certo
1343 1197 1588 1280 imperio

304 1326 572 1371 con-tenta
615 1299 785 1361 fuerit
811 1345 828 1370 ,
878 1288 1266 1373 eloquentiam
1307 1283 1589 1342 novimus.

217 1406 219 1408 ’
304 1390 525 1457 Rhodii
577 1384 812 1468 quidam
852 1427 868 1451 ,
933 1373 1165 1460 plurimi
1220 1363 1591 1429 Athenienses

307 1496 557 1538 oratores
608 1468 928 1529 exstiterunt
959 1508 976 1533 ‚
1023 1456 1172 1541 apud
1216 1475 1355 1534 quos
1396 1447 1594 1509 omnia

307 1558 546 1647 populus
572 1601 588 1627 ‚
628 1550 822 1611 onmia
854 1541 1139 1627 imperiti,
1173 1535 1365 1596 omnia
1388 1582 1405 1606 ,
1433 1552 1495 1591 ut
1521 1530 1592 1590 fic

304 1643 547 1706 ‘dixerim
565 1685 582 1710 ,
608 1654 807 1695 omnes
833 1645 1109 1713 poterant.
1143 1621 1340 1681 Nostra
1362 1636 1592 1697 quoque

308 1728 498 1789 civitas
517 1773 533 1797 ,
558 1721 740 1781 donec
756 1713 965 1776 ‘erravit
983 1759 997 1783 ‚
1030 1708 1210 1767 donec
1233 1702 1287 1762 se
1309 1699 1555 1786 partibus
1574 1745 1593 1772 ‚

315 1822 372 1874 Sc
394 1801 820 1870 diffenfionibus
847 1845 863 1870 ‚
909 1804 966 1856 ἃ
992 1788 1280 1851 discordiis
1306 1783 1554 1845 confecit
1576 1808 1595 1859 ,-

315 1897 499 1955 donec
544 1886 696 1948 nulla
737 1882 845 1942 fuit
884 1880 943 1938 in
979 1875 1105 1935 foro
1143 1895 1245 1956 pax
1270 1919 1286 1943 ,
1338 1867 1492 1927 nulla
1537 1866 1599 1925 in

308 1980 506 2040 senatu
531 1967 871 2037 concordia,
911 1959 1064 2020 nulla
1106 1958 1166 2015 in
1207 1953 1428 2038 judiciis
1469 1973 1599 2008 mo-

316 2061 534 2123 deratio
565 2104 581 2130 ,
632 2051 785 2113 nulla
833 2045 1183 2130 superiorum
1236 2035 1546 2097 reverentia
1578 2079 1598 2105 ,

315 2144 501 2207 nullus
549 2137 972 2221 magistratuum
1017 2125 1219 2186 modus
1247 2170 1263 2195 ‚
1317 2119 1445 2179 tulit
1485 2115 1598 2175 sme

319 2230 495 2291 dubio
539 2219 912 2284 valentiorem
960 2207 1343 2292 eloquentiam
1377 2252 1392 2276 ,
1443 2199 1600 2261 sicuti

318 2309 633 2374 indomitus
681 2325 812 2386 ager
859 2297 1028 2357 habet
1077 2290 1344 2374 quasdam
1402 2284 1601 2344 herbas

319 2397 573 2458 laetioreS.
635 2387 745 2448 Sed
780 2407 882 2445 nec
913 2379 1055 2440 tanti
1085 2373 1397 2458 reipublicae
1422 2372 1600 2427 Grac-

323 2484 562 2541 chorum
612 2467 936 2552 eloquentia
993 2461 1100 2521 fuit
1136 2508 1151 2533 ,
1207 2478 1268 2516 ut
1322 2471 1600 2536 pateretur

325 2575 380 2625 δέ
415 2564 606 2644 leges:
650 2578 752 2615 nec
786 2553 946 2611 bonae
984 2544 1230 2604 formam
1271 2536 1600 2618 eloquentiae

322 2648 530 2723 Cice'ro
557 2641 652 2703 tali
679 2639 829 2700 exitu
859 2630 1122 2716 pensavit.

1646 860 1663 942 4

1645 963 1663 1029 4

1647 1078 1663 1215 ἒ

1648 1403 1663 1589 *xmus-r*
1650 1351 1651 1354 „
1649 1264 1652 1306 *2-

1651 1608 1663 1736 :2:132
1653 1594 1656 1601 ⁴
