1663 2958
319 196 429 255 132
525 170 1071 230 C.C0RNE1,11
1119 173 1420 233 TAcmx

312 271 564 336 effecerit
585 317 601 341 ‚
647 269 819 351 quam
850 270 1109 330 divinum
1143 280 1257 354 ejus
1293 273 1598 356 ingenium
1623 293 1651 333 -1

313 355 626 444 postulabat
649 380 661 412 ε
698 375 816 413 tam
842 356 1069 416 hercule
1095 403 1111 428 ‚
1155 357 1329 438 quam
1352 361 1596 417 Brutum

312 436 678 524 philosophiae
720 437 823 497 suae
871 438 1271 521 relinquamus,
1337 443 1490 500 Nam
1531 442 1593 501 in

314 523 662 584 orationibus
683 522 965 583 minorem
983 523 1088 584 effe
1109 523 1260 582 fama
1277 523 1369 582 sua
1383 573 1400 597 ‚
1417 525 1594 584 etiam

303 608 685 670 admiratores
710 614 824 688 ejus
847 605 1091 667 fatentur
1115 634 1127 667 z
1156 607 1256 666 nisi
1281 606 1425 666 forte
1450 607 1596 689 quis-
1621 635 1628 645 ¹

317 717 494 776 quam
534 711 628 750 aut
673 689 897 751 Caesaris
938 715 1038 775 pro
1072 692 1259 751 Decio
1301 694 1552 752 Samnite
1576 737 1596 765 ‚

317 799 413 839 aut
439 775 595 835 Bruti
624 797 723 858 pro
747 777 1023 855 Dejotaro
1056 798 1187 857 rege
1214 825 1229 849 ‚
1270 775 1596 857 ceterosque

317 859 574 944 ejusdem
590 859 942 919 lentitudinis
958 884 1016 918 ac
1033 861 1238 942 teporis
1255 860 1427 919 libros
1439 859 1598 944 legit,

318 945 422 1006 nisi
458 945 636 1025 qui&
658 945 908 1002 carmina
943 944 1280 1003 eorumdem
1318 945 1554 1003 miratur
1584 968 1597 1002 ε

317 1029 576 1090 fecerunt
608 1027 762 1086 enim
794 1036 852 1086 &
881 1028 1130 1085 carmina
1152 1073 1169 1099 ‚
1207 1037 1263 1087 δέ
1297 1029 1357 1086 in
1388 1027 1600 1087 biblio-

318 1114 507 1173 thecas
562 1110 871 1169 retulerunt
913 1158 928 1182 ‚
999 1134 1116 1169 non
1169 1110 1370 1170 melius
1427 1111 1601 1192 quam

320 1198 528 1257 Cicero
557 1243 573 1268 ,
626 1216 682 1254 at
735 1192 953 1254 felicius
990 1242 1006 1266 ‚
1062 1195 1192 1276 quia
1235 1193 1361 1254 illos
1412 1193 1601 1256 fecisse

322 1281 610 1366 pauciores
633 1277 827 1337 sciunt.
864 1277 1088 1338 Asinius
1112 1303 1339 1360 quoque
1355 1328 1371 1352 ,
1399 1303 1603 1360 quam-

304 1389 497 1447 vquam
535 1363 884 1445 propioribus
919 1364 1267 1445 temporibus
1306 1385 1465 1422 natus
1500 1363 1565 1423 fit
1582 1384 1606 1436 ,’

326 1449 551 1509 videtur
586 1447 731 1505 mihi
769 1447 915 1504 inter
953 1448 1260 1506 Menenios
1294 1457 1352 1507 &
1388 1448 1603 1529 Appios

325 1530 605 1593 studuisse.
658 1531 962 1588 Pacuvium
1001 1533 1146 1589 certe
1173 1580 1188 1603 ,
1232 1540 1286 1591 &
1326 1530 1602 1605 Accium,

326 1641 444 1675 non
481 1614 662 1673 solum
706 1614 991 1695 tragoediis
1016 1661 1032 1685 ,
1076 1613 1173 1673 sed
1201 1616 1373 1672 etiam
1401 1617 1608 1674 oratio-

327 1700 493 1760 nibus
525 1697 631 1756 suis
660 1698 908 1778 expreffit
939 1722 949 1754 :
991 1697 1134 1758 adeo
1162 1698 1329 1757 durus
1355 1707 1411 1758 δε
1439 1698 1607 1761 siccus

325 1787 419 1845 est.
459 1783 663 1842 Oratio
688 1803 876 1840 autem
899 1830 914 1853 ,
950 1780 1083 1841 sicut
1103 1805 1297 1865 corpus
1322 1783 1569 1843 hominis
1588 1832 1606 1858 ,

328 1892 395 1929 ea
425 1867 661 1926 demum
690 1864 916 1945 pulchra
941 1867 1015 1923 est
1036 1913 1052 1937 ,
1095 1866 1290 1946 inqua
1318 1890 1433 1926 non
1459 1870 1607 1926 emi-

328 1972 468 2011 nent
514 1973 704 2020 venae,
751 1972 852 2007 nec
897 1947 1008 2006 offa
1055 1972 1420 2008 numerantur
1447 1999 1463 2022 ,
1511 1950 1608 2012 sed

329 2056 671 2117 temperatus
694 2056 753 2090 ac
769 2033 947 2090 bonus
968 2031 1183 2116 sanguis
1206 2034 1406 2116 implet
1427 2058 1610 2095 mem-

328 2120 430 2178 bra
455 2167 470 2191 ‚
513 2127 571 2178 δε
614 2115 853 2199 exsurgit
894 2118 1026 2175 toris
1055 2166 1072 2190 ,
1113 2114 1366 2200 ipsosque
1407 2142 1608 2181 nervos

325 2203 497 2262 rubor
540 2202 678 2282 tegit
712 2208 768 2259 δέ
810 2200 980 2259 decor
1017 2201 1399 2261 commendat.
1456 2204 1608 2263 Nolo

328 2287 645 2346 Corvinum
676 2282 933 2365 insequi,
973 2286 1102 2365 quia
1138 2309 1253 2343 non
1294 2307 1391 2365 per
1428 2285 1608 2366 ipsum

331 2371 478 2430 stetit
505 2418 521 2441 ‚
582 2369 884 2449 quominus
945 2368 1193 2428 laetitiam
1245 2369 1605 2450 nitoremque

328 2456 643 2513 nostrorum
678 2473 999 2532 temporum
1038 2454 1405 2534 exprimeret:
1444 2454 1604 2513 vide-

331 2539 503 2596 rimus
524 2586 539 2609 ,
563 2537 795 2616 inquam
821 2534 1026 2612 judicio
1052 2545 1165 2621 ejus
1189 2538 1268 2597 Vis
1291 2558 1384 2597 aut
1406 2538 1605 2611 animi,
1645 2556 1652 2561 “

333 2643 424 2681 aut
455 2621 669 2705 ingenii
698 2617 993 2680 suffecerit.
