1663 2958
241 119 802 175 GERMANORUM
851 104 1089 162 NoTAE.
1206 119 1319 170 271

38 215 130 266 ›fibi
161 213 333 281 suisque
365 210 634 262 Germanici
671 219 936 271 cognomen
968 198 1144 247 meruit.
1196 193 1320 244 Vide

50 283 256 337 Stemma
287 277 515 328 Caesarum
536 313 549 335 ‚
587 289 714 320 num.
742 287 823 327 79.
874 266 1079 315 Neronis
1102 300 1114 323 ,
1147 259 1192 308 id
1228 261 1321 319 est,>

51 347 259 406 Tiberii,
302 345 358 391 ab
396 341 606 407 Augusto
646 340 695 384 in
732 333 1036 383 Germaniam
1082 325 1194 376 miffi
1220 364 1233 385 ,
1278 332 1324 372 &

50 410 318 460 Germanici
361 404 573 473 operosas
611 404 822 451 victorias
868 397 1062 446 vidimus
1104 397 1153 442 in
1199 391 1322 439 libris

49 478 306 525 Annalium
325 475 343 521 I
365 480 407 521 ὃ(
425 473 484 523 ΙΙ.
501 469 623 522 Vide
641 484 830 535 quoque
847 464 1051 513 Stemma
1063 459 1291 509 Caesatum
1309 494 1324 518 ‚

50 562 179 591 num.
205 547 261 590 68
294 547 336 587 &
361 545 436 588 81.

117 608 173 658 C.
213 606 420 672 Caesaris.
477 604 583 655 Caii
627 598 868 664 Caligulae.
927 595 1081 643 Minas
1126 593 1221 652 ejus
1273 590 1323 634 in

50 674 296 726 ludibrium
343 671 487 733 versas
525 670 718 718 diximus
758 666 806 712 in
841 662 1178 725 supplemento
1218 654 1324 702 An-

51 742 226 792 nalium
260 738 409 799 VIII,
452 754 530 800 23.

117 805 371 871 Legionum
404 800 619 851 hibernis.
654 798 711 845 In
740 794 862 844 bello
897 789 1058 841 Civilis
1080 825 1094 848 ‚
1135 785 1190 834 de
1228 802 1322 851 quo

49 873 225 923 dietum
253 868 352 918 satis
385 867 516 935 supra
548 867 667 915 Hist.
693 863 763 914 IV
787 868 832 908 &
855 858 922 909 V.

114 936 396 997 Triumphari
427 934 591 999 magis.
636 930 681 978 A
714 926 989 977 Domitiano
1012 958 1024 978 ‚
1067 932 1114 965 ut
1153 916 1323 964 dicetur

49 1002 167 1054 infra
194 1006 243 1052 in
276 1001 385 1052 Vita
420 998 653 1067 Agricolae
688 985 1050 1060 cap.XXXIX.

118 1134 242 1184 CAP.
260 1129 548 1181 XXXVIII.
575 1125 656 1175 De
676 1120 856 1173 Saevis.
893 1117 1030 1167 Suevi
1049 1109 1323 1161 immensum

53 1216 270 1250 terrarum
298 1199 490 1247 tracium
517 1197 634 1242 inter
651 1190 810 1239 Albim
827 1226 839 1248 ,
869 1182 1015 1233 l’Elhe
1031 1219 1046 1239 ,
1069 1179 1296 1229 Vistulam
1311 1215 1325 1235 ‚

54 1266 98 1315 Za
121 1263 294 1331 Vistule
315 1302 331 1323 ,
366 1263 614 1312 Oceanum
635 1295 649 1318 ‚
689 1255 734 1304 Za
761 1270 853 1302 mer
881 1248 1092 1311 Baltique
1113 1283 1127 1302 ,
1161 1250 1203 1290 &
1224 1243 1323 1290 Da-

51 1333 242 1380 nubium
264 1368 277 1389 ,
308 1328 349 1377 Ze
375 1325 577 1376 Danube
599 1363 614 1384 ,
648 1320 930 1369 obtinebant.
986 1307 1147 1370 Latius
1174 1309 1324 1356 adhuc

53 1398 167 1444 olim
200 1396 459 1443 habitavere
485 1429 498 1452 ‚
536 1396 579 1437 &
615 1386 754 1453 usque
785 1384 844 1433 ad
877 1380 1092 1428 Rhenum
1125 1390 1326 1422 tenuere.

48 1463 167 1523 ‚Inde
196 1462 360 1511 Strabo
385 1498 397 1518 ,
425 1458 574 1511 Julius
602 1452 752 1502 Caesar
774 1489 786 1511 ‚
818 1447 981 1496 Florus
1002 1483 1013 1503 ,
1049 1441 1322 1488 Ptolemaeus

53 1531 223 1596 aliique
258 1527 315 1576 ad
349 1527 521 1574 Suevos
553 1520 751 1570 referunt
774 1555 787 1577 ,
823 1531 923 1582 quae
947 1511 1005 1559 ad
1026 1508 1186 1556 Cattos
1217 1523 1326 1571 per-

54 1612 214 1647 nnenn

125 1657 330 1721 Propriis
369 1655 516 1704 adhuc
558 1648 831 1701 nationibus,
881 1644 959 1693 De
1007 1639 1168 1707 quibus
1213 1653 1326 1684 mox

55 1728 228 1777 dicetur
260 1723 398 1789 usque
427 1721 484 1769 ad
519 1734 655 1783 caput
682 1713 842 1764 XLV.

123 1790 366 1855 Obliquare
402 1787 582 1836 crinem.
620 1784 757 1831 Suevi
795 1780 968 1826 crinem
999 1789 1097 1818 non
1133 1769 1327 1835 sparge·-

53 1859 164 1906 bant
195 1895 208 1917 ,
258 1871 306 1903 ut
340 1852 484 1901 solent
518 1851 738 1906 barbari,
787 1842 861 1891 sed
890 1837 1191 1904 obliquabant
1218 1872 1234 1895 ,
1277 1840 1323 1881 δε

49 1927 274 1975 intortum
305 1923 353 1968 in
385 1920 580 1983 occipite
607 1914 734 1964 nodo
766 1904 1140 1972 substringebant.

127 1992 169 2038 A
190 1986 351 2038 ceteris
372 1983 636 2036 Germanis.
659 1981 786 2046 Ergo
818 1974 955 2024 ceteri
979 1968 1204 2018 Germani
1228 1983 1326 2013 non

55 2055 357 2122 obliquabant
378 2055 548 2100 crinem
571 2068 586 2110 3
620 2066 724 2096 eum
758 2058 911 2091 tamen
939 2039 988 2085 in
1020 2035 1195 2082 nodum
1222 2032 1324 2095 plu-

55 2121 216 2189 resque
247 2123 385 2168 cirros
411 2118 653 2182 cogebant.
692 2108 837 2160 Unde
859 2106 1035 2153 Seneca
1060 2100 1115 2148 de
1136 2099 1207 2145 Ira
1227 2097 1295 2143 III
1311 2133 1326 2156 ‚

59 2197 139 2239 26.
181 2186 340 2237 Crinis
362 2181 491 2245 rufus
516 2180 563 2230 ὓ
591 2180 638 2228 in
670 2175 834 2226 nodum
862 2166 1035 2218 coafius
1060 2162 1175 2229 apud
1203 2162 1328 2212 Ger-

55 2271 225 2304 manos.
275 2251 332 2300 Et
368 2249 592 2297 Martialis
620 2285 634 2308 ‚
677 2247 724 2293 in
766 2234 1131 2306 spectaculorum
1173 2229 1288 2279 libro
1311 2263 1330 2294 3

56 2336 208 2371 carm.
244 2337 301 2384 3,
336 2315 446 2365 vers.
472 2334 519 2372 9.

170 2419 357 2464 Crinibus
387 2418 428 2458 in
458 2414 600 2456 nodum
628 2407 743 2452 tortis
770 2403 906 2448 vendre
937 2395 1152 2444 Sicambri.

128 2513 171 2564 A
196 2512 346 2577 serris
366 2511 654 2574 separantur.
698 2502 839 2570 Apud
871 2501 1075 2558 Suevos,
1113 2509 1161 2542 ut
1198 2489 1323 2560 apud

54 2597 232 2643 :etQ-os
275 2578 536 2630 Germanos
561 2611 574 2634 a
614 2572 729 2621 tonsi
767 2569 973 2623 videntur
1011 2561 1138 2680 frivixsse
1172 2561 1280 2616 serv}
1301 2574 1324 2625 ᾗ,

1075 2669 1090 2676 ,
1124 2644 1170 2678 iv
