1700 2984
398 179 1060 245 GERMANI-A..
1294 198 1366 251 29

98 278 336 370 gloriam
356 282 654 366 sanguiniS,
669 306 697 340 a
715 281 1078 339 similitudine
1097 285 1151 338 ὃς
1164 275 1368 336 inertia

97 370 392 427 Gallorum
413 367 747 446 separentur.
768 363 948 446 Ipsam
974 362 1160 422 Rheni
1187 361 1366 441 ripam

92 452 242 511 haud
273 450 439 508 dubie
467 447 886 507 Germanorum
916 446 1108 529 populi
1134 444 1327 503 colunt
1345 490 1364 514 ‚

93 533 418 615 Vangiones
439 579 456 603 ,
489 529 758 600 Triboci,
789 532 1075 588 NemeteS.
1113 530 1200 586 Ne
1222 527 1366 586 Ubii

91 616 326 696 quidem
361 661 379 688 ‚
430 636 777 695 quamquam
827 615 1090 670 Romana
1143 609 1364 668 colonia

90 697 195 758 effe
214 699 520 757 meruerint
535 745 553 770 2
576 721 635 756 ac
661 694 925 755 libentius
937 692 1362 776 Agrippinenses

88 781 391 841 conditoris
424 780 503 840 sui
529 781 761 838 nomine
791 799 1060 837 vocentur
1085 823 1104 847 ,
1140 776 1380 856 origine=

85 863 414 927 erubescunt
437 912 453 936 ‚
494 861 798 945 transgreffi
829 861 969 919 olim
996 908 1012 931 ,
1050 869 1109 920 δε
1141 859 1361 940 expeti-

84 968 280 1007 mento
332 947 466 1006 fidei
510 945 667 1026 super
714 942 888 1027 ipsam
939 943 1128 1003 Rheni
1176 943 1358 1024 ripam

82 1029 382 1102 collocati,
426 1051 487 1089 ut
523 1049 772 1089 arcerent
799 1076 815 1100 ‚
858 1050 972 1086 non
1013 1048 1074 1087 ut
1114 1025 1362 1094 custodi-

78 1134 286 1173 rentur.
494 1178 496 1180 v
1245 1177 1247 1179 .

163 1197 381 1256 XXIX.
445 1196 504 1253 O
527 1218 573 1253 M
593 1217 631 1253 N
652 1220 669 1253 1
690 1219 725 1253 U
743 1216 790 1251 M
838 1193 1038 1251 harum
1093 1189 1354 1273 gentium

75 1278 277 1338 Virtute
316 1279 572 1359 praecipui
601 1277 794 1335 Batavi
816 1323 833 1348 ,
873 1299 988 1358 non
1013 1273 1260 1333 multum
1284 1296 1352 1333 ex

72 1360 189 1441 ripa
215 1408 232 1432 ‚
277 1357 372 1419 sed
404 1360 641 1419 insulam
672 1359 862 1418 Rheni
898 1359 1077 1416 amnis
1118 1357 1351 1430 colunt,

72 1440 372 1503 Cattorum
395 1443 686 1525 quondam
708 1441 940 1524 populus
959 1488 977 1514 ,
996 1449 1052 1499 &
1070 1440 1349 1500 seditione

70 1525 369 1586 domestica
410 1529 470 1585 in
516 1549 606 1586 eas
648 1525 804 1585 sedes
845 1522 1196 1606 transgressus
1226 1573 1241 1595 ,
1283 1525 1346 1583 in

66 1610 267 1688 quibus
290 1632 409 1691 pars
435 1610 682 1668 Romani
709 1609 935 1690 imperii
959 1608 1174 1666 fierent.
1207 1609 1344 1666 Ma-

64 1713 162 1750 net
191 1693 370 1750 honos
388 1740 404 1764 ,
440 1701 497 1751 &
524 1693 761 1772 antiqu-32
786 1691 1060 1751 societatis
1094 1688 1341 1772 iiiligne:

61 1797 196 1832 nam
245 1798 348 1834 nec
400 1774 621 1833 tributis
669 1795 1111 1832 contemnuntur
1152 1820 1168 1844 ,
1232 1797 1339 1833 nec

59 1857 384 1939 publicanus
424 1859 612 1917 atterit
644 1881 655 1914 z
700 1858 946 1939 exempti
980 1855 1242 1916 oneri-bus
1280 1865 1339 1917 ὃς

59 1939 450 1998 collationibus
477 1988 491 2010 ‚
531 1949 589 2000 δε
631 1940 853 1999 tantum
886 1941 946 1998 in
985 1939 1146 1998 usum
1188 1962 1339 2020 proe-

56 2021 263 2081 liorum
300 2021 558 2103 sepositi,
607 2022 762 2082 velut
801 2021 910 2082 tela
939 2044 1107 2104 atque
1140 2045 1293 2081 arma
1317 2071 1339 2095 ,

57 2103 218 2164 bellis
242 2105 599 2166 reservantur.
640 2108 726 2164 Est
747 2106 805 2164 in
832 2105 1039 2164 eodem
1063 2105 1335 2187 obsequio

53 2192 111 2247 &
133 2186 540 2248 Mattiacorum
571 2211 723 2270 gens.
769 2188 1009 2248 Protulit
1032 2190 1187 2248 enim
1216 2214 1335 2249 ma·-

20 2304 27 2314 ι
53 2270 291 2352 gnitudo
327 2272 520 2355 populi
552 2272 800 2332 Romani
835 2271 979 2330 ultra
1020 2270 1288 2332 Rhenum
1313 2321 1332 2345 ‚

51 2350 307 2434 ultraque
337 2377 549 2415 veteres
573 2356 842 2415 terminos
867 2402 884 2428 ,
922 2355 1148 2437 imperii
1172 2378 1332 2416 reve-

50 2437 308 2495 rentiam.
348 2441 434 2497 Ita
464 2437 593 2498 sede
620 2437 933 2519 finibusque
964 2439 1022 2495 in
1060 2437 1149 2497 sua
1173 2440 1289 2523 ripa
1309 2486 1329 2511 ,

51 2540 241 2578 mente
269 2520 571 2602 animoque
595 2521 888 2580 nobiscum
911 2531 1082 2603 agunt
1101 2570 1117 2594 ‚
1142 2543 1327 2581 cetera-

45 2599 249 2667 smiles
297 2605 563 2691 Batavi3‚
624 2603 725 2667 nifi
771 2603 1092 2749 quodssipl‘o
1142 2605 1323 2668 adhuc

728 2722 732 2724 ·
1019 2711 1075 2771 HJ
