1663 2958
288 185 405 257 35⁴6
600 172 1254 240 IND1A20012M

292 277 522 327 Lunarem
555 275 924 344 intelligeremus.
975 279 1100 329 Bene
1128 279 1294 329 «Solis
1311 299 1338 326 η
1367 296 1561 347 nomen,

293 359 347 391 ne
379 343 484 406 quia
518 341 698 392 dixerat
727 362 1061 410 «magnum»,
1100 345 1227 395 illum
1267 345 1316 397 V
1314 345 1369 396 ΙΙ
1395 347 1565 410 plane-
1633 401 1641 412 ,

286 423 439 458 tarum
473 410 776 472 acciperemus
811 408 860 459 Cr
885 409 1174 462 Platonicum
1199 431 1219 472 ;
1254 413 1308 461 de
1333 431 1412 478 quo
1434 415 1596 470 varia,¹

290 473 343 524 ff
372 492 397 522 a
430 473 621 524 Metone
645 515 659 537 ,
705 475 754 526 «ἶν’
789 475 844 524 ab
878 476 1066 527 Eudoxo
1088 518 1104 538 ,
1147 478 1196 529 ΕΞ*
1231 498 1257 528 a
1280 478 1524 529 Ptolemaeo
1546 520 1566 541 ,

289 541 344 591 Cr·
367 540 420 589 ab
442 541 530 606 iffi)
553 541 717 592 Tullio.
756 542 880 592 Nam
898 544 943 592 in
973 544 1099 594 libris
1123 544 1177 595 de
1201 544 1380 595 deorum
1398 549 1568 597 naturai

290 608 385 658 tria
408 608 553 656 millia
579 626 804 658 annorum
831 610 940 659 dicit
967 629 1184 678 magnum
1204 630 1373 661 annum
1397 629 1567 662 tenere.

286 674 343 724 In
367 693 561 724 numero
581 676 828 724 duodecim
847 679 1043 726 millium
1067 697 1414 745 nongentorum
1435 682 1567 746 quin-

289 744 513 809 quaginta
533 760 730 810 quatuor
747 761 975 792 annorum
993 747 1245 794 concordat
1259 747 1569 796 vetustiffimus

286 810 433 859 Servii
474 810 563 858 Ms.
604 811 748 858 codex
769 850 781 870 ‚
822 814 901 878 qui
934 811 1018 860 fuit
1047 815 1161 861 olim
1193 815 1242 861 in
1277 814 1566 872 Bibliothecfi

291 876 499 943 collegii
530 877 760 926 Ludovici
791 878 978 944 Magni.
1024 880 1138 928 Inde
1169 882 1331 928 erroris
1365 897 1529 946 arguas
1553 919 1570 942 ,

291 949 337 991 δι
368 943 501 990 facile
533 944 748 991 emendes
779 945 970 991 alterum
1001 946 1146 994 Servii
1176 948 1333 994 locum
1356 950 1384 1007 ,’
1403 950 1450 993 in
1477 965 1571 994 nu·-

291 1012 425 1060 meris
447 1013 642 1058 omnino
665 1028 948 1076 corruptum.
982 1013 1058 1060 Sic
1084 1016 1207 1061 enim
1228 1014 1291 1060 ibi
1311 1013 1490 1060 Servius
1511 1013 1569 1062 ad

289 1075 536 1137 AEneid.I‚
557 1094 667 1140 273.
685 1076 947 1126 Secundum
963 1077 1159 1127 Tullium
1179 1096 1374 1145 magnus
1394 1097 1538 1127 annus
1553 1119 1568 1141 ,

291 1143 367 1210 qui
399 1157 523 1192 tenet
553 1145 771 1196 ὶςΤιῡιΙν
799 1161 945 1193 annos
965 1166 980 1192 :
1016 1161 1066 1194 ut
1089 1145 1134 1194 in
1161 1144 1428 1211 Hortensio,
1460 1165 1487 1190 «
1507 1145 1572 1195 Et

292 1229 321 1256 υ
336 1211 491 1259 horum
513 1227 732 1261 annorum
748 1249 765 1270 ,
786 1228 892 1276 quos
915 1212 963 1258 in
977 1210 1109 1278 fastis
1129 1210 1359 1271 hahemus,
1375 1229 1572 1278 magnus

290 1293 319 1323 ι)
335 1276 551 1329 ΧΤιῡιῙν
577 1294 724 1326 annos
749 1277 1029 1340 ampleolitur
1046 1299 1092 1326 n.
1129 1277 1383 1327 Certiffime
1409 1296 1572 1327 emen*

289 1343 494 1392 dandum
528 1345 873 1396 ffinccccuv
894 1383 907 1404 ,
946 1362 993 1393 ut
1020 1361 1145 1410 patet
1182 1362 1276 1394 turn
1312 1364 1337 1394 e
1363 1344 1532 1394 Tacito
1554 1380 1575 1403 ,

292 1425 387 1458 tum
424 1429 477 1458 ex
507 1410 612 1476 ipfis
631 1449 643 1469 ,
675 1413 830 1474 priore
856 1413 962 1458 loco
998 1414 1143 1459 allatis
1164 1450 1176 1471 ,
1209 1413 1355 1460 Servii
1389 1414 1535 1460 verbis
1555 1450 1574 1473 ‚

290 1475 373 1526 hoc
442 1491 458 1524 t
481 1513 496 1536 ‚
537 1491 586 1524 ut
621 1475 819 1524 diximus
841 1516 856 1539 ‚
888 1475 1141 1538 secundum
1178 1476 1417 1526 Ciceronis
1446 1477 1573 1527 Hor-

289 1558 365 1593 ten
389 1560 476 1591 zum
502 1580 518 1600 ,
555 1541 646 1607 post
682 1558 829 1590 annos
865 1540 1097 1590 duodecim
1137 1542 1283 1591 millia
1318 1559 1572 1609 nongentos

287 1608 618 1674 quinquaginta
633 1622 840 1673 quatuor.
854 1607 983 1655 Idem
1005 1605 1156 1657 suadet
1170 1608 1372 1670 Solinus,
1385 1627 1516 1675 cap.3
1529 1627 1574 1674 3.

288 1676 366 1725 Sic
392 1678 514 1724 enim
539 1675 603 1723 ibi
632 1675 688 1723 de
711 1674 946 1740 phoenice.
987 1673 1101 1724 Cum
1125 1675 1260 1740 liujus
1283 1675 1382 1725 vitd
1411 1675 1573 1743 magni

288 1742 402 1792 anni
420 1740 535 1808 fieri
568 1740 895 1807 conversionem
914 1779 930 1800 ,
968 1757 1076 1790 rata
1084 1740 1211 1807 fides
1235 1741 1294 1807 est
1317 1743 1437 1792 inter
1461 1760 1575 1792 auc-

289 1823 409 1859 tores
434 1829 450 1856 .·
490 1807 599 1857 licet
626 1806 810 1870 plurimi
844 1824 992 1856 eorum
1023 1825 1239 1874 magnum
1272 1825 1443 1857 annum
1481 1825 1576 1858 nort

288 1874 558 1942 quingentis
582 1873 631 1923 Er·
652 1873 957 1939 quadraginta
977 1914 992 1937 ‚
1012 1873 1096 1939 sed
1122 1872 1354 1923 duodecim
1374 1873 1575 1924 millibus

288 1940 538 2007 nongentis
581 1939 914 2008 quinquaginta
955 1957 1145 2007 quatuor
1188 1941 1326 1990 annis
1372 1940 1574 2007 constare

287 2007 463 2057 dicant.

355 2074 477 2123 Rudi
520 2089 673 2122 autem
708 2071 858 2122 adhuc
896 2071 1197 2122 Astron0mi5
1226 2113 1239 2135 ,
1292 2076 1416 2122 varia
1447 2071 1577 2121 fuere

287 2142 413 2207 juxta
445 2143 594 2188 varios
631 2139 871 2205 scriptores
909 2142 1068 2205 magni
1104 2144 1215 2190 anni
1246 2138 1388 2206 spatia
1415 2179 1428 2200 ‚
1471 2157 1575 2206 quae

291 2208 398 2259 vide
419 2207 543 2273 apud
564 2207 790 2268 Riccioli,
820 2206 1077 2273 Almagest.
1096 2207 1191 2269 111,
1233 2225 1283 2270 ¹3
1314 2246 1327 2267 ,
1362 2206 1578 2267 Tom.I,

285 2292 400 2342 pag.
428 2293 519 2338 130
540 2312 552 2333 ‚
585 2280 628 2322 &
654 2272 778 2339 apud
802 2272 1123 2322 Marshamurn
1141 2313 1155 2334 ‚
1189 2273 1361 2323 Canon
1378 2272 1578 2339 AEgypt.
1627 2305 1633 2315 ι

284 2359 398 2410 pag.
423 2359 468 2398 9.
506 2342 557 2388 In
588 2340 675 2388 hac
703 2340 880 2401 majore
906 2341 1214 2388 Astrouomiae
1241 2343 1343 2388 luce
1365 2340 1578 2387 nondum
1630 2375 1635 2391 <

290 2407 583 2457 consentiunt
620 2407 908 2454 Astronomi.
965 2407 1199 2473 Magnum
1240 2408 1365 2454 enim
1401 2424 1578 2455 annum
1612 2432 1623 2445 «-

286 2474 483 2524 Riccioli
519 2472 677 2521 definit
707 2474 839 2521 annis
873 2489 928 2533 25
937 2491 1052 2529 920.
1073 2474 1245 2542 Tycho
1270 2472 1420 2522 Brahe
1442 2474 1576 2521 annis
1604 2518 1628 2542 γ’

291 2546 471 2602 25816.
500 2539 671 2590 Caffini
697 2541 829 2588 annis
855 2544 1031 2599 24800.

351 2607 481 2656 Huic
513 2624 697 2674 magnae
730 2624 960 2655 annorum
1002 2606 1323 2667 conversioni,
1361 2605 1574 2653 Platoni-
1612 2596 1623 2622 ⁴
1658 2598 1660 2631 1

287 2688 446 2724 cotum
474 2675 749 2726 commentis
780 2673 1131 2725 celebratiffimae
1149 2713 1165 2739 ,
1198 2673 1376 2724 famam
1399 2670 1574 2722 addidit
1616 2739 1618 2742 y
1657 2694 1659 2704 ·
