1663 2958
1634 25 1638 63 ι

289 106 400 182 ‘368
597 101 689 158 IN
746 98 1241 159 DrArootJM
1623 72 1637 90 ’ἵ

284 202 539 254 maximam
570 197 851 246 liberalitatis
883 196 1057 248 famam
1088 215 1274 266 pararet
1293 237 1307 261 ,
1339 195 1621 267 infinitam·

282 266 527 332 pecuniam
547 303 562 324 ,
606 280 705 330 quae
717 261 832 330 fisco
859 263 1100 315 debebatur
1120 305 1138 329 ,
1166 265 1367 329 privatis
1391 259 1603 328 debito-J
1648 261 1654 284 ²

284 331 416 384 ribus
443 331 492 380 in
517 329 642 381 Urbe
669 346 803 395 atque
834 327 881 378 in
909 329 1082 389 Italici,
1117 333 1168 381 in
1189 332 1443 394 provinciis
1464 322 1621 398 ηενόῥξ,

282 398 422 450 etiam
458 414 515 446 ex
552 396 740 462 reliquis
771 396 984 462 ingentes
997 399 1201 464 summas
1232 398 1397 465 remg'fit
1418 439 1433 462 ,
1454 399 1618 466 syn-j,

277 463 478 532 graphii·
504 462 552 512 in
569 463 673 524 foro
703 461 797 512 divi
817 462 1013 530 Trajani
1033 505 1048 528 ‚
1082 467 1163 530 qud
1184 465 1334 531 magis
1335 466 1571 529 securitas
1592 479 1615 530 ἡ,

280 529 492 581 omnibus
516 529 818 590 roboraretur,
851 528 1066 598 incensis,
1093 531 1248 596 Spart.
1268 534 1317 580 in
1336 531 1567 581 Hadrian.
1597 533 1602 540 “

287 614 396 664 cap.
415 615 461 655 7.
495 594 616 659 Quae
643 595 924 645 debebantur
949 616 976 646 a
1001 597 1194 646 sedecim
1216 600 1348 646 annis
1365 637 1378 658 ‚
1401 616 1574 665 nempe

284 664 347 712 ab
381 681 506 711 anno
541 662 610 713 U.
631 661 689 711 C.
726 680 928 713 Deccrv
968 664 1025 713 ad
1062 682 1237 712 annum
1267 681 1572 727 DcchXXI,

285 728 417 779 fuisse
438 728 617 790 remissa
638 729 773 778 docet
788 729 885 778 Dio
900 729 1096 791 LXIX,
1115 748 1227 798 pag.
1245 749 1356 788 791.
1378 732 1583 787 Summa>

286 812 444 846 autem
485 798 800 864 reliquorum,
844 814 944 864 quae
978 797 1157 846 remissa
1194 796 1320 858 sunt,
1354 797 1439 846 fuit
1481 816 1569 846 no·
1655 805 1658 880 J

283 865 380 914 vies
417 863 581 911 millies
628 861 875 911 sestertium
899 902 912 924 ‚
967 863 1165 913 Gallicae
1203 878 1394 913 monetae
1440 863 1569 914 librae
1619 885 1625 895 ⁴·

282 945 614 991 3175,095‚225
635 969 646 990 ‚
669 945 715 977 ut
731 931 824 992 jam
842 933 1199 978 memoravimus
1217 929 1348 996 supra
1361 930 1573 991 Tom.V,
1658 919 1663 980 l

288 1014 405 1063 pag.
439 1005 545 1060 398.
596 995 677 1045 Ob
706 1012 851 1043 tantas
873 1012 1024 1044 autem
1043 996 1311 1063 largitiones
1337 995 1481 1045 <istius
1509 998 1572 1046 est
1660 994 1663 1028 ἶ

286 1063 557 1112 Hadrianus
601 1078 1015 1112 LOCVPLETATOR
1057 1079 1212 1113 onssrs
1249 1079 1574 1112 TERRARVMs
1662 1083 1663 1095 ³

290 1128 423 1179 Toto
459 1131 721 1194 principatu
752 1127 925 1194 septem
959 1132 1199 1196 congiaria
1236 1129 1374 1177 dedit.
1434 1129 1574 1178 Tunc

289 1195 499 1262 primum
530 1194 809 1243 obsolescere
842 1199 983 1262 coepit
1014 1198 1240 1264 congiarii
1265 1213 1440 1244 nomen
1465 1234 1479 1258 ,
1516 1199 1576 1245 li—

295 1264 540 1311 beralitatis
584 1262 865 1327 usurpatum.
919 1264 1033 1311 Inde
1074 1266 1122 1311 in
1160 1262 1390 1311 Hadriani
1435 1281 1577 1310 num-

288 1333 377 1377 mis
424 1328 863 1377 LIBERALITAS
915 1328 1079 1380 AVG.
1132 1328 1573 1379 LIBERALITAS

289 1394 459 1445 'AVG.
489 1396 574 1442 ΙΙΙ.
607 1393 1046 1443 LIBERALITAS
1077 1394 1241 1445 AVG.
1271 1395 1378 1441 IIII.
1410 1394 1457 1442 id
1482 1397 1576 1456 est,

289 1460 548 1510 liberalitas
568 1459 788 1525 Augusti,
815 1460 950 1509 tertia
967 1499 982 1519 ,
1013 1474 1186 1524 quarta.
1216 1459 1449 1508 Nummos
1472 1462 1579 1510 vide

291 1528 420 1591 apud
448 1525 747 1574 Harduinum
780 1527 870 1573 loc.
898 1528 972 1573 cit.
992 1543 1102 1591 pag.
1125 1532 1218 1585 756
1238 1532 1280 1573 &
1303 1525 1430 1592 seqq.
1453 1525 1578 1589 Vide

295 1600 339 1640 &
379 1593 455 1640 Cl.
498 1591 740 1650 Vaillant,
783 1592 875 1638 loc.
911 1594 985 1640 cit.
1020 1609 1131 1657 pag.
1169 1599 1277 1650 246.
1334 1592 1579 1657 Congiarii

292 1659 476 1707 secundi
511 1697 525 1719 ‚
582 1655 800 1706 CONG.
850 1658 910 1706 II.
962 1655 1207 1706 nummum
1255 1657 1391 1707 habet
1438 1658 1577 1709 Occo

293 1744 406 1791 pag.
429 1744 536 1783 224.
559 1723 649 1772 His
668 1740 818 1772 autem
842 1727 1090 1792 congiariis
1106 1763 1118 1784 ‚
1157 1724 1579 1787 liberalitatibusve,

293 1793 353 1840 ab
377 1792 621 1839 Hadriano
649 1791 776 1838 datos
804 1790 930 1839 fuisse
955 1791 1167 1839 denarios
1189 1791 1314 1838 mille
1334 1829 1345 1850 ,
1375 1789 1577 1843 Gallicae

293 1875 484 1908 monetae
516 1855 660 1905 libras
691 1862 785 1914 778
805 1895 818 1917 ,
856 1857 990 1907 docet
1019 1856 1107 1905 Ms.
1127 1856 1403 1908 Vindobon.
1628 1855 1633 1862 '

359 1988 778 2038 ANTONINUS
818 1988 965 2038 PIUS
997 2026 1009 2048 ,
1061 2004 1154 2054 quo
1188 1986 1404 2052 Principe
1444 1987 1580 2053 pros-

294 2058 500 2122 perrima
530 2055 615 2104 fuit
643 2073 710 2103 res
732 2056 946 2104 Romana
967 2093 979 2114 ‚
1011 2054 1381 2102 benevolentiam
1408 2055 1576 2119 populi

293 2123 500 2171 Romani
541 2121 654 2170 fovit
696 2124 924 2169 continuis
959 2120 1318 2169 liberalitatibus.
1385 2120 1577 2169 Novem

295 2205 596 2236 numerantur
643 2190 692 2236 in
738 2190 833 2250 ejus
879 2189 1076 2235 nummis
1111 2225 1123 2247 ‚
1173 2204 1366 2253 quarum
1418 2188 1578 2235 ultima

296 2253 427 2320 aeque
458 2253 712 2302 inscribitur
750 2252 1188 2302 LIBERALITAS
1221 2252 1386 2304 AVG.
1416 2252 1578 2305 VIIII.
1638 2293 1639 2298 ,

299 2320 456 2448 {et
471 2317 1582 2453 1323&ss{5213‘252221311203532213:
1631 2409 1638 2415 .

299 2454 413 2502 τάπὶ.
476 2454 530 2502 In
565 2454 634 2502 his
669 2455 916 2520 congiariis
955 2452 1046 2499 dati
1084 2454 1259 2499 denarii
1296 2452 1532 2517 offingeni
1560 2489 1573 2513 ‚

303 2518 508 2576 ‚Gallicae
538 2536 728 2573 monetae
763 2518 892 2574 librae
933 2526 1042 2574 622.
1075 2516 1163 2570 Ms.
1187 2517 1464 2574 Vindobon.
