<?xml version="1.0" encoding="UTF-8"?>
<!DOCTYPE html PUBLIC "-//W3C//DTD XHTML 1.0 Transitional//EN"
    "http://www.w3.org/TR/xhtml1/DTD/xhtml1-transitional.dtd">
<html xmlns="http://www.w3.org/1999/xhtml" xml:lang="en" lang="en">
 <head>
  <title>
</title>
<meta http-equiv="Content-Type" content="text/html;charset=utf-8" />
  <meta name='ocr-system' content='tesseract 3.04.00' />
  <meta name='ocr-capabilities' content='ocr_page ocr_carea ocr_par ocr_line ocrx_word'/>
</head>
<body>
  <div class='ocr_page' id='page_1' title='image "./ccorneliitacitio06taci_0465.png"; bbox 0 0 1663 2958; ppageno 0'>
   <div class='ocr_carea' id='block_1_1' title="bbox 259 139 1406 233">
    <p class='ocr_par' dir='ltr' id='par_1_1' title="bbox 259 139 1406 233">
     <span class='ocr_line' id='line_1_1' title="bbox 259 139 1406 233; baseline 0.009 -31"><span class='ocrx_word' id='word_1_1' title='bbox 259 165 339 202; x_wconf 78' lang='lat' dir='ltr'>DE</span> <span class='ocrx_word' id='word_1_2' title='bbox 388 139 891 206; x_wconf 76' lang='lat' dir='ltr'>ORATORrssUs</span> <span class='ocrx_word' id='word_1_3' title='bbox 942 145 1188 210; x_wconf 65' lang='lat' dir='ltr'>Nom.</span> <span class='ocrx_word' id='word_1_4' title='bbox 1279 169 1406 233; x_wconf 78' lang='lat'>405¹</span> 
     </span>
    </p>
   </div>
   <div class='ocr_carea' id='block_1_2' title="bbox 119 239 1405 1312">
    <p class='ocr_par' dir='ltr' id='par_1_2' title="bbox 119 239 1405 1312">
     <span class='ocr_line' id='line_1_2' title="bbox 125 239 1399 316; baseline 0.012 -29"><span class='ocrx_word' id='word_1_5' title='bbox 125 239 306 289; x_wconf 71' lang='lat' dir='ltr'>Porum</span> <span class='ocrx_word' id='word_1_6' title='bbox 324 241 498 306; x_wconf 88' lang='lat' dir='ltr'>ipsum,</span> <span class='ocrx_word' id='word_1_7' title='bbox 530 243 657 310; x_wconf 88' lang='lat' dir='ltr'>quod</span> <span class='ocrx_word' id='word_1_8' title='bbox 679 243 872 312; x_wconf 87' lang='lat' dir='ltr'>superest</span> <span class='ocrx_word' id='word_1_9' title='bbox 899 264 955 295; x_wconf 85' lang='lat' dir='ltr'>ex</span> <span class='ocrx_word' id='word_1_10' title='bbox 983 251 1180 316; x_wconf 83' lang='lat' dir='ltr'>antiquis</span> <span class='ocrx_word' id='word_1_11' title='bbox 1206 255 1399 302; x_wconf 88' lang='lat' dir='ltr'>oratori-</span> 
     </span>
     <span class='ocr_line' id='line_1_3' title="bbox 132 308 1396 373; baseline 0.013 -21"><span class='ocrx_word' id='word_1_12' title='bbox 132 308 212 354; x_wconf 88' lang='lat' dir='ltr'>bus</span> <span class='ocrx_word' id='word_1_13' title='bbox 232 343 247 366; x_wconf 84' lang='lat'>,</span> <span class='ocrx_word' id='word_1_14' title='bbox 282 325 379 354; x_wconf 92' lang='lat' dir='ltr'>non</span> <span class='ocrx_word' id='word_1_15' title='bbox 402 310 464 355; x_wconf 91' lang='lat' dir='ltr'>est</span> <span class='ocrx_word' id='word_1_16' title='bbox 484 325 806 373; x_wconf 82' lang='lat' dir='ltr'>argumentum</span> <span class='ocrx_word' id='word_1_17' title='bbox 827 314 1076 362; x_wconf 86' lang='lat' dir='ltr'>emendatae</span> <span class='ocrx_word' id='word_1_18' title='bbox 1094 323 1136 363; x_wconf 72' lang='grc' dir='ltr'>δε</span> <span class='ocrx_word' id='word_1_19' title='bbox 1161 317 1217 364; x_wconf 87' lang='lat' dir='ltr'>ad</span> <span class='ocrx_word' id='word_1_20' title='bbox 1239 335 1396 368; x_wconf 90' lang='lat' dir='ltr'>votum</span> 
     </span>
     <span class='ocr_line' id='line_1_4' title="bbox 127 373 1396 450; baseline 0.013 -32"><span class='ocrx_word' id='word_1_21' title='bbox 127 373 391 437; x_wconf 80' lang='lat' dir='ltr'>coinpofitae</span> <span class='ocrx_word' id='word_1_22' title='bbox 412 374 616 421; x_wconf 78' lang='lat' dir='ltr'>civitatiS.</span> <span class='ocrx_word' id='word_1_23' title='bbox 650 375 778 425; x_wconf 68' lang='lat' dir='ltr'>Male</span> <span class='ocrx_word' id='word_1_24' title='bbox 800 379 902 426; x_wconf 80' lang='lat' dir='ltr'>libri</span> <span class='ocrx_word' id='word_1_25' title='bbox 921 379 1053 439; x_wconf 89' lang='lat' dir='ltr'>editi,</span> <span class='ocrx_word' id='word_1_26' title='bbox 1076 382 1396 450; x_wconf 68' lang='lat' dir='ltr'>quodsuperest</span> 
     </span>
     <span class='ocr_line' id='line_1_5' title="bbox 131 439 1398 510; baseline 0.01 -25"><span class='ocrx_word' id='word_1_27' title='bbox 131 439 329 502; x_wconf 75' lang='lat' dir='ltr'>antiquis</span> <span class='ocrx_word' id='word_1_28' title='bbox 363 439 629 488; x_wconf 74' lang='lat' dir='ltr'>oratoribus.</span> <span class='ocrx_word' id='word_1_29' title='bbox 673 441 960 493; x_wconf 85' lang='lat' dir='ltr'>Emendabat</span> <span class='ocrx_word' id='word_1_30' title='bbox 991 445 1258 497; x_wconf 86' lang='lat' dir='ltr'>Gronovius</span> <span class='ocrx_word' id='word_1_31' title='bbox 1277 489 1289 510; x_wconf 86' lang='lat'>‚</span> <span class='ocrx_word' id='word_1_32' title='bbox 1315 467 1398 497; x_wconf 80' lang='lat' dir='ltr'>an-</span> 
     </span>
     <span class='ocr_line' id='line_1_6' title="bbox 131 503 1398 581; baseline 0.011 -30"><span class='ocrx_word' id='word_1_33' title='bbox 131 503 257 567; x_wconf 74' lang='lat' dir='ltr'>tiqui.</span> <span class='ocrx_word' id='word_1_34' title='bbox 297 503 447 554; x_wconf 74' lang='lat' dir='ltr'>Multo</span> <span class='ocrx_word' id='word_1_35' title='bbox 475 505 754 570; x_wconf 86' lang='lat' dir='ltr'>probabilius</span> <span class='ocrx_word' id='word_1_36' title='bbox 783 511 844 557; x_wconf 88' lang='lat' dir='ltr'>est</span> <span class='ocrx_word' id='word_1_37' title='bbox 871 511 1078 562; x_wconf 68' lang='lat' dir='ltr'>excidiss&#39;e</span> <span class='ocrx_word' id='word_1_38' title='bbox 1106 516 1398 581; x_wconf 74' lang='lat' dir='ltr'>praepositio-</span> 
     </span>
     <span class='ocr_line' id='line_1_7' title="bbox 127 586 348 621; baseline 0.018 -4"><span class='ocrx_word' id='word_1_39' title='bbox 127 586 239 617; x_wconf 87' lang='lat' dir='ltr'>nem</span> <span class='ocrx_word' id='word_1_40' title='bbox 273 586 348 621; x_wconf 74' lang='lat' dir='ltr'>ex.</span> 
     </span>
     <span class='ocr_line' id='line_1_8' title="bbox 194 633 1405 708; baseline 0.008 -24"><span class='ocrx_word' id='word_1_41' title='bbox 194 633 552 703; x_wconf 77' lang='lat' dir='ltr'>Sapientzffimus</span> <span class='ocrx_word' id='word_1_42' title='bbox 593 635 642 685; x_wconf 63' lang='grc' dir='ltr'>ἕν’</span> <span class='ocrx_word' id='word_1_43' title='bbox 683 654 816 687; x_wconf 80' lang='lat' dir='ltr'>unus.</span> <span class='ocrx_word' id='word_1_44' title='bbox 856 640 981 690; x_wconf 86' lang='lat' dir='ltr'>Laus</span> <span class='ocrx_word' id='word_1_45' title='bbox 1014 645 1074 691; x_wconf 87' lang='lat' dir='ltr'>est</span> <span class='ocrx_word' id='word_1_46' title='bbox 1098 643 1365 708; x_wconf 72' lang='lat' dir='ltr'>Vespasiani</span> <span class='ocrx_word' id='word_1_47' title='bbox 1388 662 1405 706; x_wconf 87' lang='lat'>‚·</span> 
     </span>
     <span class='ocr_line' id='line_1_9' title="bbox 128 703 1400 828; baseline 0.012 -15"><span class='ocrx_word' id='word_1_48' title='bbox 128 703 855 818; x_wconf 50' lang='lat' dir='ltr'>srsszrttsflssarlssrr</span> <span class='ocrx_word' id='word_1_49' title='bbox 898 709 1400 828; x_wconf 51' lang='grc' dir='ltr'>ἒέἑῙ-ἓῖξὲἒέῑέ·</span> 
     </span>
     <span class='ocr_line' id='line_1_10' title="bbox 505 790 1399 819; baseline 0.01 -3"><span class='ocrx_word' id='word_1_50' title='bbox 505 790 522 816; x_wconf 86' lang='grc' dir='ltr'>Ι.</span> <span class='ocrx_word' id='word_1_51' title='bbox 836 809 847 819; x_wconf 83' lang='grc'><strong>.</strong></span> <span class='ocrx_word' id='word_1_52' title='bbox 1370 806 1399 816; x_wconf 89' lang='grc'>·“·</span> 
     </span>
     <span class='ocr_line' id='line_1_11' title="bbox 124 831 1397 893; baseline 0.011 -15"><span class='ocrx_word' id='word_1_53' title='bbox 124 831 344 881; x_wconf 87' lang='lat' dir='ltr'><strong>BLICA.</strong></span> <span class='ocrx_word' id='word_1_54' title='bbox 396 833 581 883; x_wconf 83' lang='lat' dir='ltr'>FIDES</span> <span class='ocrx_word' id='word_1_55' title='bbox 634 833 1066 888; x_wconf 85' lang='lat' dir='ltr'><strong>FELICITATIS.</strong></span> <span class='ocrx_word' id='word_1_56' title='bbox 1128 841 1242 888; x_wconf 87' lang='lat' dir='ltr'>Inde</span> <span class='ocrx_word' id='word_1_57' title='bbox 1290 843 1397 893; x_wconf 76' lang='lat' dir='ltr'>cum</span> 
     </span>
     <span class='ocr_line' id='line_1_12' title="bbox 125 895 1398 972; baseline 0.009 -28"><span class='ocrx_word' id='word_1_58' title='bbox 125 895 300 944; x_wconf 81' lang='lat' dir='ltr'>Plinius</span> <span class='ocrx_word' id='word_1_59' title='bbox 330 898 375 945; x_wconf 92' lang='lat' dir='ltr'>II</span> <span class='ocrx_word' id='word_1_60' title='bbox 396 939 408 960; x_wconf 84' lang='lat'>‚</span> <span class='ocrx_word' id='word_1_61' title='bbox 441 919 497 960; x_wconf 87' lang='lat'>7,</span> <span class='ocrx_word' id='word_1_62' title='bbox 529 902 880 951; x_wconf 78' lang='lat' dir='ltr'>innumerabilia</span> <span class='ocrx_word' id='word_1_63' title='bbox 916 905 1105 952; x_wconf 90' lang='lat' dir='ltr'>deorum</span> <span class='ocrx_word' id='word_1_64' title='bbox 1146 910 1334 972; x_wconf 74' lang='lat' dir='ltr'>agmina</span> <span class='ocrx_word' id='word_1_65' title='bbox 1370 927 1398 958; x_wconf 87' lang='lat' dir='ltr'>a</span> 
     </span>
     <span class='ocr_line' id='line_1_13' title="bbox 126 963 1399 1040; baseline 0.011 -31"><span class='ocrx_word' id='word_1_66' title='bbox 126 963 394 1012; x_wconf 82' lang='lat' dir='ltr'>mortalibus</span> <span class='ocrx_word' id='word_1_67' title='bbox 428 982 606 1031; x_wconf 85' lang='lat' dir='ltr'>reperta</span> <span class='ocrx_word' id='word_1_68' title='bbox 635 970 958 1030; x_wconf 70' lang='lat' dir='ltr'>memorasset,</span> <span class='ocrx_word' id='word_1_69' title='bbox 992 971 1144 1019; x_wconf 85' lang='lat' dir='ltr'>addit:</span> <span class='ocrx_word' id='word_1_70' title='bbox 1177 974 1315 1022; x_wconf 76' lang='lat' dir='ltr'>Deus</span> <span class='ocrx_word' id='word_1_71' title='bbox 1338 974 1399 1040; x_wconf 74' lang='lat' dir='ltr'>est</span> 
     </span>
     <span class='ocr_line' id='line_1_14' title="bbox 123 1027 1399 1094; baseline 0.01 -19"><span class='ocrx_word' id='word_1_72' title='bbox 123 1027 300 1077; x_wconf 72' lang='lat' dir='ltr'>mortali</span> <span class='ocrx_word' id='word_1_73' title='bbox 333 1031 494 1094; x_wconf 71' lang='lat' dir='ltr'>juvare</span> <span class='ocrx_word' id='word_1_74' title='bbox 532 1030 759 1082; x_wconf 76' lang='lat' dir='ltr'>mortalem</span> <span class='ocrx_word' id='word_1_75' title='bbox 784 1071 800 1092; x_wconf 85' lang='lat'><em>,</em></span> <span class='ocrx_word' id='word_1_76' title='bbox 846 1034 895 1085; x_wconf 62' lang='grc' dir='ltr'>ἕν’</span> <span class='ocrx_word' id='word_1_77' title='bbox 940 1036 1036 1085; x_wconf 77' lang='lat' dir='ltr'>haec</span> <span class='ocrx_word' id='word_1_78' title='bbox 1080 1037 1138 1085; x_wconf 79' lang='lat' dir='ltr'>ad</span> <span class='ocrx_word' id='word_1_79' title='bbox 1181 1053 1399 1089; x_wconf 70' lang='lat' dir='ltr'>oeternum</span> 
     </span>
     <span class='ocr_line' id='line_1_15' title="bbox 119 1092 1399 1160; baseline 0.011 -20"><span class='ocrx_word' id='word_1_80' title='bbox 119 1092 318 1160; x_wconf 69' lang='lat' dir='ltr'>gloriam</span> <span class='ocrx_word' id='word_1_81' title='bbox 339 1096 432 1147; x_wconf 69' lang='lat' dir='ltr'>via.</span> <span class='ocrx_word' id='word_1_82' title='bbox 461 1097 561 1146; x_wconf 71' lang='lat' dir='ltr'>Hac</span> <span class='ocrx_word' id='word_1_83' title='bbox 578 1115 787 1158; x_wconf 80' lang='lat' dir='ltr'>proceres</span> <span class='ocrx_word' id='word_1_84' title='bbox 806 1100 896 1149; x_wconf 81' lang='lat' dir='ltr'>iere</span> <span class='ocrx_word' id='word_1_85' title='bbox 916 1101 1108 1151; x_wconf 79' lang='lat' dir='ltr'>Romani</span> <span class='ocrx_word' id='word_1_86' title='bbox 1130 1124 1144 1150; x_wconf 88' lang='lat'><em>:</em></span> <span class='ocrx_word' id='word_1_87' title='bbox 1166 1103 1252 1154; x_wconf 79' lang='lat' dir='ltr'>hac</span> <span class='ocrx_word' id='word_1_88' title='bbox 1273 1122 1399 1154; x_wconf 75' lang='lat' dir='ltr'>nunc</span> 
     </span>
     <span class='ocr_line' id='line_1_16' title="bbox 128 1158 1401 1228; baseline 0.009 -20"><span class='ocrx_word' id='word_1_89' title='bbox 128 1158 289 1225; x_wconf 74' lang='lat' dir='ltr'>coelesti</span> <span class='ocrx_word' id='word_1_90' title='bbox 308 1162 427 1228; x_wconf 76' lang='lat' dir='ltr'>paffu</span> <span class='ocrx_word' id='word_1_91' title='bbox 451 1180 550 1212; x_wconf 81' lang='lat' dir='ltr'>cum</span> <span class='ocrx_word' id='word_1_92' title='bbox 568 1162 838 1228; x_wconf 74' lang='lat' dir='ltr'>liberissuis</span> <span class='ocrx_word' id='word_1_93' title='bbox 854 1167 983 1216; x_wconf 66' lang='lat' dir='ltr'>vadis</span> <span class='ocrx_word' id='word_1_94' title='bbox 1001 1168 1230 1218; x_wconf 77' lang='lat' dir='ltr'>maximus</span> <span class='ocrx_word' id='word_1_95' title='bbox 1253 1171 1401 1219; x_wconf 79' lang='lat' dir='ltr'>omnis</span> 
     </span>
     <span class='ocr_line' id='line_1_17' title="bbox 127 1224 1400 1312; baseline 0.011 -39"><span class='ocrx_word' id='word_1_96' title='bbox 127 1224 389 1299; x_wconf 54' lang='lat' dir='ltr'>aevz&#39;seftor</span> <span class='ocrx_word' id='word_1_97' title='bbox 417 1226 468 1281; x_wconf 88' lang='lat' dir='ltr'><em>V</em></span> <span class='ocrx_word' id='word_1_98' title='bbox 465 1228 720 1295; x_wconf 68' lang='lat' dir='ltr'>espafianus</span> <span class='ocrx_word' id='word_1_99' title='bbox 749 1229 981 1300; x_wconf 79' lang='lat' dir='ltr'>Augustus</span> <span class='ocrx_word' id='word_1_100' title='bbox 998 1233 1125 1300; x_wconf 79' lang='lat' dir='ltr'>feffis</span> <span class='ocrx_word' id='word_1_101' title='bbox 1145 1235 1273 1286; x_wconf 78' lang='lat' dir='ltr'>rebus</span> <span class='ocrx_word' id='word_1_102' title='bbox 1289 1236 1400 1312; x_wconf 57' lang='lat' dir='ltr'>suli-3</span> 
     </span>
    </p>
   </div>
   <div class='ocr_carea' id='block_1_3' title="bbox 126 1307 335 1343">
    <p class='ocr_par' dir='ltr' id='par_1_3' title="bbox 126 1307 335 1343">
     <span class='ocr_line' id='line_1_18' title="bbox 126 1307 335 1343; baseline 0.01 -2"><span class='ocrx_word' id='word_1_103' title='bbox 126 1307 335 1343; x_wconf 73' lang='lat' dir='ltr'>vemens.</span> 
     </span>
    </p>
   </div>
   <div class='ocr_carea' id='block_1_4' title="bbox 62 1421 1398 2618">
    <p class='ocr_par' dir='ltr' id='par_1_4' title="bbox 62 1421 1398 2553">
     <span class='ocr_line' id='line_1_19' title="bbox 189 1421 1396 1500; baseline 0.012 -31"><span class='ocrx_word' id='word_1_104' title='bbox 189 1421 315 1470; x_wconf 75' lang='lat' dir='ltr'><strong>CAP.</strong></span> <span class='ocrx_word' id='word_1_105' title='bbox 340 1423 497 1474; x_wconf 91' lang='lat' dir='ltr'><strong>XLII.</strong></span> <span class='ocrx_word' id='word_1_106' title='bbox 536 1425 680 1475; x_wconf 74' lang='lat' dir='ltr'>Plura</span> <span class='ocrx_word' id='word_1_107' title='bbox 711 1426 805 1476; x_wconf 78' lang='lat' dir='ltr'>dici</span> <span class='ocrx_word' id='word_1_108' title='bbox 831 1427 1010 1480; x_wconf 77' lang='lat' dir='ltr'>vellem.</span> <span class='ocrx_word' id='word_1_109' title='bbox 1058 1430 1174 1479; x_wconf 84' lang='lat' dir='ltr'>Inde</span> <span class='ocrx_word' id='word_1_110' title='bbox 1206 1433 1396 1500; x_wconf 84' lang='lat' dir='ltr'>quidam</span> 
     </span>
     <span class='ocr_line' id='line_1_20' title="bbox 121 1489 1398 1567; baseline 0.012 -33"><span class='ocrx_word' id='word_1_111' title='bbox 121 1489 371 1552; x_wconf 89' lang='lat' dir='ltr'>opinantur</span> <span class='ocrx_word' id='word_1_112' title='bbox 397 1491 586 1538; x_wconf 87' lang='lat' dir='ltr'>alterum</span> <span class='ocrx_word' id='word_1_113' title='bbox 616 1491 822 1551; x_wconf 85' lang='lat' dir='ltr'>habitum</span> <span class='ocrx_word' id='word_1_114' title='bbox 854 1493 981 1544; x_wconf 82' lang='lat' dir='ltr'>fuiffe</span> <span class='ocrx_word' id='word_1_115' title='bbox 1011 1495 1282 1564; x_wconf 85' lang='lat' dir='ltr'>dialogum,</span> <span class='ocrx_word' id='word_1_116' title='bbox 1316 1504 1398 1567; x_wconf 88' lang='lat' dir='ltr'>qui</span> 
     </span>
     <span class='ocr_line' id='line_1_21' title="bbox 122 1554 1397 1621; baseline 0.013 -22"><span class='ocrx_word' id='word_1_117' title='bbox 122 1555 275 1617; x_wconf 89' lang='lat' dir='ltr'>periit.</span> <span class='ocrx_word' id='word_1_118' title='bbox 311 1554 375 1602; x_wconf 89' lang='lat' dir='ltr'>At</span> <span class='ocrx_word' id='word_1_119' title='bbox 402 1557 451 1603; x_wconf 93' lang='lat' dir='ltr'>in</span> <span class='ocrx_word' id='word_1_120' title='bbox 475 1555 544 1603; x_wconf 89' lang='lat' dir='ltr'>his</span> <span class='ocrx_word' id='word_1_121' title='bbox 563 1556 940 1621; x_wconf 83' lang='lat' dir='ltr'>disputationibus</span> <span class='ocrx_word' id='word_1_122' title='bbox 970 1559 1075 1609; x_wconf 72' lang='lat' dir='ltr'>cum</span> <span class='ocrx_word' id='word_1_123' title='bbox 1096 1569 1139 1610; x_wconf 70' lang='grc' dir='ltr'>ὃς</span> <span class='ocrx_word' id='word_1_124' title='bbox 1167 1566 1397 1616; x_wconf 84' lang='lat' dir='ltr'>modestiae</span> 
     </span>
     <span class='ocr_line' id='line_1_22' title="bbox 123 1617 1397 1696; baseline 0.012 -31"><span class='ocrx_word' id='word_1_125' title='bbox 123 1617 205 1680; x_wconf 78' lang='lat' dir='ltr'>fit,</span> <span class='ocrx_word' id='word_1_126' title='bbox 241 1633 289 1667; x_wconf 88' lang='lat' dir='ltr'>ut</span> <span class='ocrx_word' id='word_1_127' title='bbox 325 1637 464 1668; x_wconf 87' lang='lat' dir='ltr'>nemo</span> <span class='ocrx_word' id='word_1_128' title='bbox 495 1618 538 1669; x_wconf 92' lang='lat' dir='ltr'>se</span> <span class='ocrx_word' id='word_1_129' title='bbox 572 1625 792 1672; x_wconf 66' lang='lat' dir='ltr'>vistorem</span> <span class='ocrx_word' id='word_1_130' title='bbox 829 1627 1116 1693; x_wconf 70' lang='lat' dir='ltr'>arrogantius</span> <span class='ocrx_word' id='word_1_131' title='bbox 1147 1631 1397 1696; x_wconf 76' lang='lat' dir='ltr'>praedicet,</span> 
     </span>
     <span class='ocr_line' id='line_1_23' title="bbox 125 1684 1395 1760; baseline 0.013 -29"><span class='ocrx_word' id='word_1_132' title='bbox 125 1690 172 1731; x_wconf 68' lang='grc' dir='ltr'>ὃς</span> <span class='ocrx_word' id='word_1_133' title='bbox 217 1684 507 1734; x_wconf 86' lang='lat' dir='ltr'>humanitatis</span> <span class='ocrx_word' id='word_1_134' title='bbox 531 1726 544 1747; x_wconf 86' lang='lat'>‚</span> <span class='ocrx_word' id='word_1_135' title='bbox 593 1705 640 1738; x_wconf 84' lang='lat' dir='ltr'>ut</span> <span class='ocrx_word' id='word_1_136' title='bbox 677 1707 816 1738; x_wconf 89' lang='lat' dir='ltr'>nemo</span> <span class='ocrx_word' id='word_1_137' title='bbox 856 1690 901 1739; x_wconf 92' lang='lat' dir='ltr'>se</span> <span class='ocrx_word' id='word_1_138' title='bbox 948 1695 1118 1743; x_wconf 68' lang='lat' dir='ltr'>viC’mm</span> <span class='ocrx_word' id='word_1_139' title='bbox 1162 1696 1352 1747; x_wconf 85' lang='lat' dir='ltr'>fateatur</span> <span class='ocrx_word' id='word_1_140' title='bbox 1379 1737 1395 1760; x_wconf 89' lang='lat'>‚</span> 
     </span>
     <span class='ocr_line' id='line_1_24' title="bbox 124 1749 1396 1829; baseline 0.013 -32"><span class='ocrx_word' id='word_1_141' title='bbox 124 1749 184 1797; x_wconf 86' lang='lat' dir='ltr'>fic</span> <span class='ocrx_word' id='word_1_142' title='bbox 222 1750 338 1816; x_wconf 82' lang='lat' dir='ltr'>saepe</span> <span class='ocrx_word' id='word_1_143' title='bbox 377 1753 747 1817; x_wconf 86' lang='lat' dir='ltr'>concluduntur,</span> <span class='ocrx_word' id='word_1_144' title='bbox 783 1757 906 1823; x_wconf 84' lang='lat' dir='ltr'>quasi</span> <span class='ocrx_word' id='word_1_145' title='bbox 946 1759 1094 1808; x_wconf 88' lang='lat' dir='ltr'>adhue</span> <span class='ocrx_word' id='word_1_146' title='bbox 1136 1779 1303 1829; x_wconf 82' lang='lat' dir='ltr'>anceps</span> <span class='ocrx_word' id='word_1_147' title='bbox 1344 1764 1396 1814; x_wconf 80' lang='lat' dir='ltr'>fit</span> 
     </span>
     <span class='ocr_line' id='line_1_25' title="bbox 123 1819 1397 1887; baseline 0.014 -26"><span class='ocrx_word' id='word_1_148' title='bbox 123 1819 347 1882; x_wconf 83' lang='lat' dir='ltr'>quaestio,</span> <span class='ocrx_word' id='word_1_149' title='bbox 392 1823 436 1864; x_wconf 87' lang='lat'>&amp;</span> <span class='ocrx_word' id='word_1_150' title='bbox 475 1821 751 1870; x_wconf 72' lang='lat' dir='ltr'>enucleatius</span> <span class='ocrx_word' id='word_1_151' title='bbox 793 1826 1081 1887; x_wconf 83' lang='lat' dir='ltr'>explicanda.</span> <span class='ocrx_word' id='word_1_152' title='bbox 1121 1827 1226 1875; x_wconf 90' lang='lat' dir='ltr'>Nec</span> <span class='ocrx_word' id='word_1_153' title='bbox 1267 1832 1397 1879; x_wconf 85' lang='lat' dir='ltr'>aliter</span> 
     </span>
     <span class='ocr_line' id='line_1_26' title="bbox 121 1881 1397 1958; baseline 0.011 -29"><span class='ocrx_word' id='word_1_154' title='bbox 121 1881 248 1945; x_wconf 88' lang='lat' dir='ltr'>apud</span> <span class='ocrx_word' id='word_1_155' title='bbox 276 1884 559 1932; x_wconf 85' lang='lat' dir='ltr'>Ciceronem</span> <span class='ocrx_word' id='word_1_156' title='bbox 597 1887 652 1935; x_wconf 86' lang='lat' dir='ltr'>de</span> <span class='ocrx_word' id='word_1_157' title='bbox 683 1887 860 1936; x_wconf 66' lang='lat' dir='ltr'>Natura</span> <span class='ocrx_word' id='word_1_158' title='bbox 891 1890 1083 1939; x_wconf 89' lang='lat' dir='ltr'>deorum</span> <span class='ocrx_word' id='word_1_159' title='bbox 1103 1927 1116 1950; x_wconf 90' lang='lat'>‚</span> <span class='ocrx_word' id='word_1_160' title='bbox 1154 1893 1224 1940; x_wconf 93' lang='lat' dir='ltr'>III</span> <span class='ocrx_word' id='word_1_161' title='bbox 1245 1930 1261 1954; x_wconf 82' lang='lat'><strong>,</strong></span> <span class='ocrx_word' id='word_1_162' title='bbox 1300 1914 1397 1958; x_wconf 83' lang='lat'>40,</span> 
     </span>
     <span class='ocr_line' id='line_1_27' title="bbox 121 1947 1396 2027; baseline 0.013 -33"><span class='ocrx_word' id='word_1_163' title='bbox 121 1947 326 2007; x_wconf 83' lang='lat' dir='ltr'>Balbus,</span> <span class='ocrx_word' id='word_1_164' title='bbox 371 1948 511 1998; x_wconf 87' lang='lat' dir='ltr'>Cotta</span> <span class='ocrx_word' id='word_1_165' title='bbox 561 1959 605 2000; x_wconf 90' lang='lat'>&amp;</span> <span class='ocrx_word' id='word_1_166' title='bbox 656 1953 865 2003; x_wconf 79' lang='lat' dir='ltr'>Velleius</span> <span class='ocrx_word' id='word_1_167' title='bbox 914 1955 1162 2007; x_wconf 84' lang='lat' dir='ltr'>discedunt.</span> <span class='ocrx_word' id='word_1_168' title='bbox 1209 1960 1396 2027; x_wconf 86' lang='lat' dir='ltr'>Integer</span> 
     </span>
     <span class='ocr_line' id='line_1_28' title="bbox 123 2015 1398 2084; baseline 0.013 -24"><span class='ocrx_word' id='word_1_169' title='bbox 123 2029 238 2077; x_wconf 81' lang='lat' dir='ltr'>ergo</span> <span class='ocrx_word' id='word_1_170' title='bbox 278 2015 340 2062; x_wconf 82' lang='lat' dir='ltr'>est</span> <span class='ocrx_word' id='word_1_171' title='bbox 382 2031 438 2061; x_wconf 81' lang='lat' dir='ltr'>ex</span> <span class='ocrx_word' id='word_1_172' title='bbox 491 2016 577 2066; x_wconf 85' lang='lat' dir='ltr'>hac</span> <span class='ocrx_word' id='word_1_173' title='bbox 622 2035 751 2082; x_wconf 90' lang='lat' dir='ltr'>parte</span> <span class='ocrx_word' id='word_1_174' title='bbox 790 2020 1015 2084; x_wconf 68' lang='lat' dir='ltr'>dialogus.</span> <span class='ocrx_word' id='word_1_175' title='bbox 1058 2023 1256 2073; x_wconf 88' lang='lat' dir='ltr'>Utinam</span> <span class='ocrx_word' id='word_1_176' title='bbox 1305 2028 1398 2078; x_wconf 78' lang='lat' dir='ltr'>alia</span> 
     </span>
     <span class='ocr_line' id='line_1_29' title="bbox 124 2080 1398 2153; baseline 0.013 -28"><span class='ocrx_word' id='word_1_177' title='bbox 124 2080 308 2139; x_wconf 84' lang='lat' dir='ltr'>multa,</span> <span class='ocrx_word' id='word_1_178' title='bbox 359 2097 459 2146; x_wconf 87' lang='lat' dir='ltr'>quae</span> <span class='ocrx_word' id='word_1_179' title='bbox 492 2087 750 2132; x_wconf 88' lang='lat' dir='ltr'>notavimus</span> <span class='ocrx_word' id='word_1_180' title='bbox 803 2085 937 2150; x_wconf 68' lang='lat' dir='ltr'>supra</span> <span class='ocrx_word' id='word_1_181' title='bbox 991 2106 1093 2153; x_wconf 91' lang='lat' dir='ltr'>cap.</span> <span class='ocrx_word' id='word_1_182' title='bbox 1157 2107 1250 2152; x_wconf 85' lang='lat'>35,</span> <span class='ocrx_word' id='word_1_183' title='bbox 1298 2109 1398 2142; x_wconf 81' lang='lat' dir='ltr'>non</span> 
     </span>
     <span class='ocr_line' id='line_1_30' title="bbox 122 2143 1397 2224; baseline 0.013 -33"><span class='ocrx_word' id='word_1_184' title='bbox 122 2143 355 2210; x_wconf 82' lang='lat' dir='ltr'>periissent</span> <span class='ocrx_word' id='word_1_185' title='bbox 392 2155 400 2193; x_wconf 78' lang='lat' dir='ltr'>l</span> <span class='ocrx_word' id='word_1_186' title='bbox 455 2146 526 2196; x_wconf 89' lang='lat' dir='ltr'>Ut</span> <span class='ocrx_word' id='word_1_187' title='bbox 578 2151 626 2197; x_wconf 89' lang='lat' dir='ltr'>in</span> <span class='ocrx_word' id='word_1_188' title='bbox 675 2150 931 2200; x_wconf 86' lang='lat' dir='ltr'>Annalium</span> <span class='ocrx_word' id='word_1_189' title='bbox 991 2153 1397 2224; x_wconf 84' lang='lat' dir='ltr'>Historiarumque</span> 
     </span>
     <span class='ocr_line' id='line_1_31' title="bbox 62 2209 1393 2283; baseline 0.011 -26"><span class='ocrx_word' id='word_1_190' title='bbox 62 2220 65 2221; x_wconf 72' lang='grc'>’</span> <span class='ocrx_word' id='word_1_191' title='bbox 123 2211 249 2258; x_wconf 89' lang='lat' dir='ltr'>libris</span> <span class='ocrx_word' id='word_1_192' title='bbox 283 2209 652 2262; x_wconf 85' lang='lat' dir='ltr'>absolutiffimum</span> <span class='ocrx_word' id='word_1_193' title='bbox 682 2217 899 2266; x_wconf 86' lang='lat' dir='ltr'>habemus</span> <span class='ocrx_word' id='word_1_194' title='bbox 929 2220 1127 2283; x_wconf 85' lang='lat' dir='ltr'>politicae</span> <span class='ocrx_word' id='word_1_195' title='bbox 1156 2225 1259 2271; x_wconf 86' lang='lat' dir='ltr'>artis</span> <span class='ocrx_word' id='word_1_196' title='bbox 1292 2242 1393 2272; x_wconf 90' lang='lat' dir='ltr'>mo-</span> 
     </span>
     <span class='ocr_line' id='line_1_32' title="bbox 125 2281 1395 2339; baseline 0.011 -15"><span class='ocrx_word' id='word_1_197' title='bbox 125 2294 397 2325; x_wconf 84' lang='lat' dir='ltr'>numentum</span> <span class='ocrx_word' id='word_1_198' title='bbox 419 2317 430 2338; x_wconf 91' lang='lat'>,</span> <span class='ocrx_word' id='word_1_199' title='bbox 467 2281 516 2327; x_wconf 89' lang='lat' dir='ltr'>in</span> <span class='ocrx_word' id='word_1_200' title='bbox 553 2281 670 2329; x_wconf 88' lang='lat' dir='ltr'>libro</span> <span class='ocrx_word' id='word_1_201' title='bbox 709 2283 764 2330; x_wconf 89' lang='lat' dir='ltr'>de</span> <span class='ocrx_word' id='word_1_202' title='bbox 802 2283 1010 2333; x_wconf 86' lang='lat' dir='ltr'>Moribus</span> <span class='ocrx_word' id='word_1_203' title='bbox 1048 2285 1395 2339; x_wconf 87' lang='lat' dir='ltr'>Germanorum</span> 
     </span>
     <span class='ocr_line' id='line_1_33' title="bbox 125 2343 1396 2423; baseline 0.011 -33"><span class='ocrx_word' id='word_1_204' title='bbox 125 2346 368 2409; x_wconf 78' lang='lat' dir='ltr'>egregium</span> <span class='ocrx_word' id='word_1_205' title='bbox 386 2343 676 2396; x_wconf 83' lang='lat' dir='ltr'>humanitatis</span> <span class='ocrx_word' id='word_1_206' title='bbox 694 2349 999 2398; x_wconf 86' lang='lat' dir='ltr'>rudimentum</span> <span class='ocrx_word' id='word_1_207' title='bbox 1015 2390 1027 2412; x_wconf 85' lang='lat'>‚</span> <span class='ocrx_word' id='word_1_208' title='bbox 1047 2354 1396 2423; x_wconf 81' lang='lat' dir='ltr'>nostrarumque</span> 
     </span>
     <span class='ocr_line' id='line_1_34' title="bbox 125 2409 1396 2485; baseline 0.013 -31"><span class='ocrx_word' id='word_1_209' title='bbox 125 2409 282 2473; x_wconf 79' lang='lat' dir='ltr'>legum</span> <span class='ocrx_word' id='word_1_210' title='bbox 307 2410 653 2460; x_wconf 81' lang='lat' dir='ltr'>fundamentum</span> <span class='ocrx_word' id='word_1_211' title='bbox 673 2453 686 2476; x_wconf 88' lang='lat'><strong><em>,</em></strong></span> <span class='ocrx_word' id='word_1_212' title='bbox 717 2416 764 2463; x_wconf 91' lang='lat' dir='ltr'>in</span> <span class='ocrx_word' id='word_1_213' title='bbox 786 2415 894 2466; x_wconf 63' lang='lat' dir='ltr'>Vita</span> <span class='ocrx_word' id='word_1_214' title='bbox 919 2416 1010 2466; x_wconf 91' lang='lat' dir='ltr'>Cn.</span> <span class='ocrx_word' id='word_1_215' title='bbox 1031 2417 1142 2470; x_wconf 92' lang='lat' dir='ltr'>Julii</span> <span class='ocrx_word' id='word_1_216' title='bbox 1161 2419 1396 2485; x_wconf 82' lang='lat' dir='ltr'>Agricolae</span> 
     </span>
     <span class='ocr_line' id='line_1_35' title="bbox 127 2472 1396 2553; baseline 0.013 -34"><span class='ocrx_word' id='word_1_217' title='bbox 127 2472 414 2538; x_wconf 84' lang='lat' dir='ltr'>splendidum</span> <span class='ocrx_word' id='word_1_218' title='bbox 438 2479 678 2528; x_wconf 82' lang='lat' dir='ltr'>cultissimae</span> <span class='ocrx_word' id='word_1_219' title='bbox 699 2483 866 2530; x_wconf 87' lang='lat' dir='ltr'>virtutis</span> <span class='ocrx_word' id='word_1_220' title='bbox 893 2485 1154 2548; x_wconf 85' lang='lat' dir='ltr'>exemplum</span> <span class='ocrx_word' id='word_1_221' title='bbox 1170 2524 1182 2546; x_wconf 91' lang='lat'>‚</span> <span class='ocrx_word' id='word_1_222' title='bbox 1203 2488 1264 2535; x_wconf 87' lang='lat' dir='ltr'>ita</span> <span class='ocrx_word' id='word_1_223' title='bbox 1283 2505 1396 2553; x_wconf 86' lang='lat' dir='ltr'>quo-</span> 
     </span>
    </p>

    <p class='ocr_par' dir='ltr' id='par_1_5' title="bbox 131 2541 1395 2618">
     <span class='ocr_line' id='line_1_36' title="bbox 131 2541 1395 2618; baseline 0.013 -33"><span class='ocrx_word' id='word_1_224' title='bbox 131 2557 223 2606; x_wconf 84' lang='lat' dir='ltr'>que</span> <span class='ocrx_word' id='word_1_225' title='bbox 255 2542 304 2587; x_wconf 84' lang='lat' dir='ltr'>in</span> <span class='ocrx_word' id='word_1_226' title='bbox 335 2541 543 2609; x_wconf 73' lang='lat' dir='ltr'>Dialogo</span> <span class='ocrx_word' id='word_1_227' title='bbox 576 2545 631 2593; x_wconf 88' lang='lat' dir='ltr'>de</span> <span class='ocrx_word' id='word_1_228' title='bbox 665 2545 938 2596; x_wconf 87' lang='lat' dir='ltr'>Oratoribus</span> <span class='ocrx_word' id='word_1_229' title='bbox 972 2549 1239 2600; x_wconf 83' lang='lat' dir='ltr'>haberemus</span> <span class='ocrx_word' id='word_1_230' title='bbox 1271 2556 1395 2618; x_wconf 81' lang='lat' dir='ltr'>opti-</span> 
     </span>
    </p>
   </div>
   <div class='ocr_carea' id='block_1_5' title="bbox 132 2606 1398 2688">
    <p class='ocr_par' dir='ltr' id='par_1_6' title="bbox 132 2606 1398 2688">
     <span class='ocr_line' id='line_1_37' title="bbox 132 2606 1398 2688; baseline 0.008 -30"><span class='ocrx_word' id='word_1_231' title='bbox 132 2623 260 2659; x_wconf 78' lang='lat' dir='ltr'>mum</span> <span class='ocrx_word' id='word_1_232' title='bbox 300 2606 533 2660; x_wconf 77' lang='lat' dir='ltr'>literarum</span> <span class='ocrx_word' id='word_1_233' title='bbox 578 2611 904 2667; x_wconf 82' lang='lat' dir='ltr'>documentum</span> <span class='ocrx_word' id='word_1_234' title='bbox 930 2653 945 2680; x_wconf 84' lang='lat'>‚</span> <span class='ocrx_word' id='word_1_235' title='bbox 990 2617 1398 2688; x_wconf 78' lang='lat' dir='ltr'>validissimumque</span> 
     </span>
    </p>
   </div>
  </div>
 </body>
</html>
