1663 2958
207 164 527 228 DrALo‘oUs
573 186 644 222 DE
689 163 1127 223 ORATomBUS.-
1214 180 1348 242 1131

59 263 206 330 inter
244 289 332 328 tot>
366 289 427 327 ac
467 285 617 323 tanta
654 262 843 319 locu-m
879 261 1141 321 obtinent-
1181 262 1330 322 ima-

0 363 1 367 ’
61 352 217 434 gines
246 397 266 424 ,
303 373 364 409 ac
404 346 594 416 tituli,
636 354 693 403 δε
731 346 908 402 statuae
935 385 956 415 ,-
989 367 1109 423 quae
1142 366 1331 427 nequ-e

57 433 170 514 ipsa
215 453 405 491 tamen.
449 428 807 509 negliguntur
834 451 852 483 ε-
890 449 1007 484 tam
1056 428 1281 488 hercule
1310 478 1333 504 ‚.

55 517 225 596 quam
250 513 453 573 divitiae
472 558 491 583 ,
526 521 581 570 &
606 532 738 589 opes
764 556 787 580 ,.
823 532 958 589 quas
990 507 1206 568 facilius
1235 513 1329 571 in·-

55 599 242 657 venies
258 645 274 668 ‚
295 597 391 676 qui
417 596 721 674 vituperet,
753 593 927 671 quam-
946 593 1043 672 qui
1066 591 1329 659 fastidiat.

60 677 161 741 His
184 681 354 760 ,igitur
383 688 440 738 &
468 676 771 734 honoribus
798 720 814 743 ,
854 683 910 733 &
939 680 1287 738 ornamentis
1308 727 1330 754 ‚

57 773 115 825 &
157 761 508 821 facultatibus
539 807 559 830 ,
606 756 834 817 refertas
880 758 1081 815 domos
1128 782 1330 822 eorum

52 844 309 906 videmus
331 892 347 917 ,
390 844 487 924 qui
517 840 569 900 se
597 840 666 900 ab
697 842 925 899 ineunte
951 839 1325 904 adolescentia

54 928 219 990 causis
248 925 553 988 forenfibus
585 934 643 986 &
669 924 912 983 oratorio
940 924 1122 983 studio
1147 926 1324 994 dede÷

49 1033 194 1072 runt.

138 1097 239 1154 IX.
276 1094 430 1151 NAM
473 1091 719 1149 carmina
753 1097 810 1150 ὃς
848 1087 1032 1149 versus
1057 1139 1074 1163 ‚
1120 1092 1323 1173 quibus

48 1195 229 1236 totam
278 1177 452 1233 vitam
497 1175 790 1232 Maternus
836 1172 1113 1233 insumere
1165 1199 1325 1259 optat

50 1261 226 1337 (inde
266 1259 421 1317 enim
458 1258 646 1314 omnis
685 1257 840 1314 fluxit
876 1258 1096 1335 oratio)
1136 1282 1325 1341 neque

50 1343 388 1424 dignitatem
428 1340 603 1397 ullam·
638 1338 949 1397 austoribus
987 1339 1101 1399 suis
1133 1345 1328 1403 conci·-

47 1425 187 1486 liant
206 1473 223 1497 ‚
260 1445 444 1504 neque
467 1422 731 1481 utilitates
755 1422 910 1480 alunt
935 1446 953 1480 2
975 1423 1325 1505 voluptatem

49 1530 239 1569 autem
284 1507 515 1566 brevem
542 1553 560 1576 ‚
597 1505 823 1563 laudem
861 1506 1090 1564 inanem
1132 1516 1189 1568 ὃς
1230 1510 1321 1570 in-

45 1588 384 1653 frustuosam
405 1586 832 1667 consequuntur.
855 1589 1014 1647 Licet
1038 1590 1149 1648 haec
1171 1591 1286 1672 iplssae
1300 1640 1320 1668 ,

41 1685 100 1737 δε
126 1697 245 1756 quae
274 1671 481 1732 deinde
516 1671 758 1730 dieturus
787 1669 908 1729 sum
931 1719 948 1743 ,
987 1695 1142 1732 aures
1171 1695 1276 1735 tuae
1297 1723 1316 1750 ‚

42 1783 78 1818 o
114 1759 376 1818 Materne
405 1802 422 1827 ,
460 1752 718 1837 respuant
742 1802 758 1826 ,
803 1755 891 1813 cui
927 1755 1080 1814 bono
1118 1759 1194 1816 est
1216 1806 1233 1830 ‚
1274 1759 1318 1821 fi
1347 1779 1350 1786 ·

42 1842 189 1923 apud
221 1862 275 1898 te
305 1840 708 1921 Agamemnon
730 1885 746 1910 ,
787 1858 880 1896 aut
904 1837 1071 1901 Jason
1111 1840 1321 1905 diserte

41 1924 334 2007 loquitur?
376 1922 503 2001 quis.
543 1922 675 1997 ideo
725 1920 963 1980 domum
1008 1921 1265 1984 defensus
1291 1974 1315 2001 ,

41 2017 99 2070 &
146 2007 250 2067 tibi
295 2005 579 2086 obligatus,
627 2004 822 2066 redit?
876 2005 1019 2081 Quis
1063 2007 1313 2072 Saleium

41 2095 288 2151 nostrum
307 2138 322 2162 ‚
357 2090 647 2171 egregium
671 2109 898 2168 poetam
924 2137 940 2160 ,
974 2089 1060 2148 vel
1085 2138 1102 2162 ,
1139 2090 1175 2148 fi
1201 2093 1311 2154 hoc

37 2174 492 2235 honorificentius
513 2174 587 2232 est
603 2220 618 2244 ,
638 2172 1105 2254 praeclarissimum·
1118 2196 1312 2238 vatem,

37 2259 264 2317 deducit
294 2304 310 2330 ,
358 2276 449 2314 aut
498 2254 732 2327 salutat,
776 2276 870 2316 aut
917 2254 1312 2337 prosequitur?

36 2343 258 2424 Nempe
282 2388 299 2414 ‚
337 2339 374 2397 fi
407 2340 615 2399 amicus
653 2345 768 2418 ejus
794 2386 817 2411 ,
856 2337 894 2396 fi
925 2340 1312 2422 propinquus,v

41 2424 81 2484 si
118 2425 359 2505 denique
393 2422 506 2504 ipse
539 2424 602 2482 in
633 2422 862 2503 aliquod
894 2424 1188 2504 negotium
1222 2427 1313 2485 in-

38 2509 239 2567 ciderit
258 2556 274 2580 ‚
306 2507 376 2566 ad
401 2509 545 2567 hunc
572 2507 890 2568 Secundum
915 2529 1190 2581 recurret,
1209 2529 1311 2571 aut

35 2591 110 2663 ad
146 2612 201 2653 te
219 2638 242 2667 ,
280 2592 545 2653 Materne
573 2638 593 2667 ‚
634 2614 751 2654 non
780 2639 800 2667 ,
845 2593 977 2676 quia
1005 2614 1174 2678 poeta
1204 2614 1262 2656 es
1282 2640 1309 2677 ᾗ
