1663 2958
254 141 327 211 56
427 131 498 189 C.
550 129 990 188 CORNELII
1040 131 1338 189 TAclT1

256 227 542 312 provincia
573 229 813 309 dignum
843 229 919 286 est
951 253 962 286 ε
999 231 1332 310 temperavit
1363 227 1536 310 Agri*

262 312 385 371 cola
408 313 524 369 vim
547 309 702 368 suam
718 359 733 383 ,
759 311 1133 392 ardoremque
1161 312 1539 394 compescuit,

261 419 334 454 ne
356 391 717 473 incresceret3
752 396 956 475 peritus
979 395 1243 476 obsequi,
1269 393 1543 455 eruditus-

264 501 374 557 que
401 476 560 535 utilia
587 478 826 538 honestis
853 478 1100 538 miscere.
1139 480 1304 539 Brevi
1332 478 1540 538 deinde

262 561 553 620 Britannia
583 561 929 622 consularem
957 563 1222 622 Petilium
1248 562 1541 622 Cerialem

264 646 498 728 accepit.
515 647 846 707 Habuerunt
866 647 1094 706 virtutes
1109 645 1347 727 spatium
1363 669 1546 705 exem-

267 728 509 812 plorum.
537 730 645 789 Sed
672 732 855 811 primo
876 730 1114 790 Cerialis
1135 732 1350 790 labores
1370 730 1548 788 modo

269 822 327 873 &
362 811 724 891 discrimina3
769 838 901 872 mox
932 824 988 875 &
1014 814 1253 896 gloriam
1285 818 1551 872 commu-

271 896 531 956 nicabat:
573 897 708 979 saepe
748 898 889 980 parti
934 898 1203 957 exercitus
1236 899 1294 955 in
1335 897 1554 978 experi-

272 1001 535 1040 mentum
559 1029 575 1054 ‚
619 981 924 1061 aliquando
961 983 1266 1061 majoribus
1289 982 1460 1062 copiis
1487 1002 1555 1038 ex

274 1085 483 1124 eventu
522 1063 765 1146 praefecit
794 1090 805 1122 :
848 1087 951 1122 nec
979 1065 1245 1145 Agricola
1278 1087 1563 1144 umquam*

272 1149 333 1207 in
357 1147 512 1206 suam
538 1145 752 1206 famam
778 1148 936 1231 gestis
965 1147 1289 1222 exsultavit3
1333 1147 1403 1204 ad
1427 1170 1558 1205 auc-

277 1254 462 1292 torem
493 1240 550 1291 3<
574 1232 780 1292 ducem
803 1279 820 1304 ,
855 1252 915 1290 ut
946 1232 1195 1291 minister
1216 1278 1231 1303 ‚
1269 1228 1558 1289 fortunam

278 1314 558 1377 referebat
590 1341 602 1373 ι
654 1317 733 1375 ita
781 1316 986 1374 virtute
1041 1316 1101 1373 in
1149 1313 1514 1394 obsequendo
1542 1361 1561 1387 ,

282 1398 621 1460 verecundia
661 1401 721 1457 in
767 1400 1119 1482 praedicando
1147 1447 1163 1471 ‚
1219 1420 1371 1458 extra
1418 1399 1568 1463 invi-¹

287 1485 444 1544 diam
468 1531 487 1555 ‚
527 1507 629 1542 nec
662 1504 814 1543 extra
847 1482 1085 1564 gloriam
1122 1503 1259 1542 erat.

372 1569 477 1626 IX.
538 1570 590 1626 R
607 1590 634 1624 E
658 1592 697 1628 v
717 1567 841 1626 E‘RT
860 1590 887 1624 E
905 1590 943 1624 N
961 1591 994 1625 T
1014 1590 1041 1624 E
1059 1590 1106 1624 M
1162 1566 1233 1624 ab
1285 1565 1572 1647 legatione

285 1650 524 1733 legionis
555 1651 713 1711 divus
737 1649 1103 1732 Vespasianus
1133 1650 1279 1709 inter
1313 1651 1591 1731 patricios?

290 1734 523 1796 adscivit
544 1783 560 1808 ,
597 1759 658 1794 ac
690 1734 897 1793 deinde
930 1734 1226 1816 provinciae
1252 1732 1572 1813 Aquitaniae

293 1817 614 1904 praeposuit,
635 1817 937 1899 splendidae
955 1819 1012 1875 in
1037 1818 1229 1900 primis
1253 1817 1575 1897 dignitatis,

298 1902 780 1962 administratione
826 1925 887 1960 ac
930 1899 1021 1984 spe
1069 1899 1379 1958 consulatus
1418 1949 1434 1973 ,
1485 1903 1576 1960 cui

300 1987 614 2045 destinarat.
669 1984 930 2043 Credunt
959 1984 1211 2067 plerique
1242 1983 1578 2044 militaribus

297 2070 540 2151 ingeniis
557 2068 921 2127 subtilitatem
943 2067 1144 2140 deeffe,
1161 2069 1290 2149 quia
1307 2067 1583 2129 castrensis

299 2152 606 2236 jurisdictio
647 2151 834 2211 secura
877 2161 932 2210 δε
975 2151 1221 2210 obtusior
1252 2200 1267 2223 ,
1318 2175 1378 2209 ac
1424 2151 1583 2231 plura

304 2261 477 2297 manu
511 2259 677 2317 agens
703 2283 719 2307 ‚
761 2235 1128 2294 calliditatem
1153 2233 1261 2293 fori
1282 2257 1398 2292 non
1422 2257 1581 2294 exer-

305 2341 444 2381 ceat.
460 2320 726 2402 Agricola
743 2319 980 2379 naturali
998 2317 1309 2401 prudentia,
1327 2321 1588 2398 quamvis.

307 2406 453 2465 inter
481 2424 697 2484 togatos
719 2451 734 2475 ,
764 2402 924 2461 facile
944 2401 1188 2482 juste'que
1210 2402 1426 2481 agebat.
1452 2404 1582 2465 Jam

308 2490 441 2547 vero
487 2508 742 2566 tempora
785 2509 1039 2545 curarum
1088 2485 1582 2566 remissionumque

308 2569 512 2634 divisa:
532 2570 628 2636 ubi
649 2591 954 2634 conventus
969 2594 1029 2631 ac
1050 2567 1586 2657 judiciaposcerentg
